<?xml version="1.0" encoding="UTF-8"?><collection xmlns="http://www.loc.gov/MARC21/slim">
  <record>
    <leader>02879pam a22004214a 4500</leader>
    <controlfield tag="001">2727551</controlfield>
    <controlfield tag="005">20110722135548.0</controlfield>
    <controlfield tag="008">050106s2004    ilu      b    001 0 eng  </controlfield>
    <datafield tag="010" ind1=" " ind2=" ">
      <subfield code="a">  2004015133</subfield>
    </datafield>
    <datafield tag="020" ind1=" " ind2=" ">
      <subfield code="a">0812694554</subfield>
    </datafield>
    <datafield tag="035" ind1=" " ind2=" ">
      <subfield code="a">2727551</subfield>
    </datafield>
    <datafield tag="040" ind1=" " ind2=" ">
      <subfield code="a">DLC</subfield>
      <subfield code="c">DLC</subfield>
      <subfield code="d">YDX</subfield>
      <subfield code="d">OrPss</subfield>
    </datafield>
    <datafield tag="042" ind1=" " ind2=" ">
      <subfield code="a">pcc</subfield>
    </datafield>
    <datafield tag="043" ind1=" " ind2=" ">
      <subfield code="a">e-uk---</subfield>
    </datafield>
    <datafield tag="049" ind1=" " ind2=" ">
      <subfield code="a">RRRR</subfield>
    </datafield>
    <datafield tag="050" ind1="0" ind2="0">
      <subfield code="a">PR6068.O93</subfield>
      <subfield code="b">Z69 2004</subfield>
    </datafield>
    <datafield tag="082" ind1="0" ind2="0">
      <subfield code="a">823/.914</subfield>
      <subfield code="2">22</subfield>
    </datafield>
    <datafield tag="245" ind1="0" ind2="0">
      <subfield code="a">Harry Potter and philosophy :</subfield>
      <subfield code="b">if Aristotle ran Hogwarts /</subfield>
      <subfield code="c">edited by David Baggett and Shawn E. Klein.</subfield>
    </datafield>
    <datafield tag="260" ind1=" " ind2=" ">
      <subfield code="a">Chicago, Ill. :</subfield>
      <subfield code="b">Open Court,</subfield>
      <subfield code="c">c2004.</subfield>
    </datafield>
    <datafield tag="300" ind1=" " ind2=" ">
      <subfield code="a">x, 243 p. ;</subfield>
      <subfield code="c">23 cm.</subfield>
    </datafield>
    <datafield tag="490" ind1="1" ind2=" ">
      <subfield code="a">Popular culture and philosophy ;</subfield>
      <subfield code="v">v. 9</subfield>
    </datafield>
    <datafield tag="504" ind1=" " ind2=" ">
      <subfield code="a">Includes bibliographical references and index.</subfield>
    </datafield>
    <datafield tag="505" ind1="0" ind2="0">
      <subfield code="t">The Magic of Philosophy --</subfield>
      <subfield code="t">Gryffindor: The Characters of Harry's World --</subfield>
      <subfield code="t">The Courageous Harry Potter /</subfield>
      <subfield code="r">Tom Morris --</subfield>
      <subfield code="t">Dursley Duplicity: The Morality and Psychology of Self-Deception /</subfield>
      <subfield code="r">Diana Mertz Hsieh --</subfield>
      <subfield code="t">Voldemort's Agents, Malfoy's Cronies, and Hagrid's Chums: Friendship in Harry Potter /</subfield>
      <subfield code="r">Harald Thorsrud --</subfield>
      <subfield code="t">Feminism and Equal Opportunity: Hermione and the Women of Hogwarts /</subfield>
      <subfield code="r">Mimi Gladstein --</subfield>
      <subfield code="t">Hufflepuff: Morality in Rowling's Universe --</subfield>
      <subfield code="t">Heaven, Hell, and Harry Potter /</subfield>
      <subfield code="r">Jerry Walls --</subfield>
      <subfield code="t">Magic, Science, and the Ethics of Technology /</subfield>
      <subfield code="r">Benjamin J. Bruxvoort Lipscomb, W. Christopher Stewart --</subfield>
      <subfield code="t">The Mirror of Erised: Why We Should Heed Dumbledore's Warning /</subfield>
      <subfield code="r">Shawn Klein --</subfield>
      <subfield code="t">Kreacher's Lament: S.P.E.W. as a Parable on Discrimination, Indifference, and Social Justice /</subfield>
      <subfield code="r">Steven W. Patterson --</subfield>
      <subfield code="t">Slytherin: Knockturn Alley, and the Dark Arts --</subfield>
      <subfield code="t">Is Ambition a Virtue? Why Slytherin Belongs at Hogwarts /</subfield>
      <subfield code="r">Steven W. Patterson --</subfield>
      <subfield code="t">A Skewed Reflection: The Nature of Evil /</subfield>
      <subfield code="r">David, Catherine Deavel --</subfield>
      <subfield code="t">Voldemort, Boethius, and the Destructive Effects of Evil /</subfield>
      <subfield code="r">Jennifer Hart Weed --</subfield>
      <subfield code="t">Magic, Muggles, and Moral Imagination /</subfield>
      <subfield code="r">David Baggett --</subfield>
      <subfield code="t">Ravenclaw: Many-Flavored Topics in Metaphysics --</subfield>
      <subfield code="t">Finding Platform 9?: The Idea of a Different Reality /</subfield>
      <subfield code="r">Gareth B. Matthews --</subfield>
      <subfield code="t">Space, Time, and Magic /</subfield>
      <subfield code="r">Michael Silberstein --</subfield>
      <subfield code="t">Why Voldemort Won't Just Die Already: What Wizards Can Teach Us about Personal Identity /</subfield>
      <subfield code="r">Jason Eberl --</subfield>
      <subfield code="t">The Prophecy-Driven Life: Foreknowledge and Freedom at Hogwarts /</subfield>
      <subfield code="r">Gregory Bassham.</subfield>
    </datafield>
    <datafield tag="600" ind1="1" ind2="0">
      <subfield code="a">Rowling, J. K.</subfield>
      <subfield code="x">Philosophy.</subfield>
    </datafield>
    <datafield tag="600" ind1="1" ind2="0">
      <subfield code="a">Rowling, J. K.</subfield>
      <subfield code="x">Characters</subfield>
      <subfield code="x">Harry Potter.</subfield>
    </datafield>
    <datafield tag="650" ind1=" " ind2="0">
      <subfield code="a">Children's stories, English</subfield>
      <subfield code="x">History and criticism.</subfield>
    </datafield>
    <datafield tag="650" ind1=" " ind2="0">
      <subfield code="a">Fantasy fiction, English</subfield>
      <subfield code="x">History and criticism.</subfield>
    </datafield>
    <datafield tag="650" ind1=" " ind2="0">
      <subfield code="a">Potter, Harry (Fictitious character)</subfield>
    </datafield>
    <datafield tag="650" ind1=" " ind2="0">
      <subfield code="a">Philosophy in literature.</subfield>
    </datafield>
    <datafield tag="700" ind1="1" ind2=" ">
      <subfield code="a">Baggett, David.</subfield>
    </datafield>
    <datafield tag="700" ind1="1" ind2=" ">
      <subfield code="a">Klein, Shawn.</subfield>
    </datafield>
    <datafield tag="830" ind1=" " ind2="0">
      <subfield code="a">Popular culture and philosophy ;</subfield>
      <subfield code="v">v. 9.</subfield>
    </datafield>
    <datafield tag="905" ind1=" " ind2=" ">
      <subfield code="a">TP20050304</subfield>
    </datafield>
    <datafield tag="945" ind1=" " ind2=" ">
      <subfield code="a">PromptCat</subfield>
    </datafield>
    <datafield tag="945" ind1=" " ind2=" ">
      <subfield code="a">MARS</subfield>
    </datafield>
    <datafield tag="949" ind1=" " ind2=" ">
      <subfield code="b">39087027243163</subfield>
    </datafield>
    <datafield tag="980" ind1=" " ind2=" ">
      <subfield code="a">2005-01-19</subfield>
      <subfield code="b">17.95</subfield>
      <subfield code="e">15.08</subfield>
      <subfield code="f">523803</subfield>
      <subfield code="g">1</subfield>
    </datafield>
    <datafield tag="994" ind1=" " ind2=" ">
      <subfield code="a">92</subfield>
      <subfield code="b">RRR</subfield>
    </datafield>
  </record>