
  <record>
    <leader>02956cam a2200493 a 4500</leader>
    <controlfield tag="001">4598044</controlfield>
    <controlfield tag="005">20110722142453.0</controlfield>
    <controlfield tag="008">110722s2007    nyua   j      000 1 eng  </controlfield>
    <datafield tag="010" ind1=" " ind2=" ">
      <subfield code="a">  2007925449</subfield>
    </datafield>
    <datafield tag="019" ind1=" " ind2=" ">
      <subfield code="a">85443494</subfield>
      <subfield code="a">156991613</subfield>
      <subfield code="a">212737958</subfield>
    </datafield>
    <datafield tag="020" ind1=" " ind2=" ">
      <subfield code="a">0545010225</subfield>
    </datafield>
    <datafield tag="029" ind1="1" ind2=" ">
      <subfield code="a">AU@</subfield>
      <subfield code="b">000042057812</subfield>
    </datafield>
    <datafield tag="029" ind1="1" ind2=" ">
      <subfield code="a">NZ1</subfield>
      <subfield code="b">11497587</subfield>
    </datafield>
    <datafield tag="029" ind1="1" ind2=" ">
      <subfield code="a">AU@</subfield>
      <subfield code="b">000042796015</subfield>
    </datafield>
    <datafield tag="040" ind1=" " ind2=" ">
      <subfield code="a">DLC</subfield>
      <subfield code="c">DLC</subfield>
      <subfield code="d">DOV</subfield>
      <subfield code="d">ZPX</subfield>
      <subfield code="d">BAKER</subfield>
      <subfield code="d">BTCTA</subfield>
      <subfield code="d">IUK</subfield>
      <subfield code="d">IOS</subfield>
      <subfield code="d">JPL</subfield>
      <subfield code="d">LF3</subfield>
      <subfield code="d">SVP</subfield>
      <subfield code="d">JZ6</subfield>
      <subfield code="d">YBM</subfield>
      <subfield code="d">IXA</subfield>
      <subfield code="d">IHI</subfield>
      <subfield code="d">YDXCP</subfield>
      <subfield code="d">JST</subfield>
      <subfield code="d">EHH</subfield>
      <subfield code="d">INT</subfield>
      <subfield code="d">LMR</subfield>
      <subfield code="d">MBB</subfield>
      <subfield code="d">NOR</subfield>
      <subfield code="d">KEC</subfield>
      <subfield code="d">JNA</subfield>
      <subfield code="d">XFG</subfield>
      <subfield code="d">RRR</subfield>
    </datafield>
    <datafield tag="042" ind1=" " ind2=" ">
      <subfield code="a">lcac</subfield>
    </datafield>
    <datafield tag="043" ind1=" " ind2=" ">
      <subfield code="a">e-uk-en</subfield>
    </datafield>
    <datafield tag="049" ind1=" " ind2=" ">
      <subfield code="a">RRRR</subfield>
    </datafield>
    <datafield tag="050" ind1="0" ind2="0">
      <subfield code="a">PZ7.R79835</subfield>
      <subfield code="b">Hak 2007</subfield>
    </datafield>
    <datafield tag="050" ind1=" " ind2="4">
      <subfield code="a">PR6068.O93</subfield>
    </datafield>
    <datafield tag="082" ind1="1" ind2="4">
      <subfield code="a">[Fic]</subfield>
      <subfield code="2">22</subfield>
    </datafield>
    <datafield tag="100" ind1="1" ind2=" ">
      <subfield code="a">Rowling, J. K.</subfield>
    </datafield>
    <datafield tag="245" ind1="1" ind2="0">
      <subfield code="a">Harry Potter and the deathly hallows /</subfield>
      <subfield code="c">by J.K. Rowling ; illustrations by Mary GrandPré.</subfield>
    </datafield>
    <datafield tag="250" ind1=" " ind2=" ">
      <subfield code="a">1st ed.</subfield>
    </datafield>
    <datafield tag="260" ind1=" " ind2=" ">
      <subfield code="a">New York, NY :</subfield>
      <subfield code="b">Arthur A. Levine Books,</subfield>
      <subfield code="c">2007.</subfield>
    </datafield>
    <datafield tag="300" ind1=" " ind2=" ">
      <subfield code="a">759 p. :</subfield>
      <subfield code="b">ill. ;</subfield>
      <subfield code="c">24 cm.</subfield>
    </datafield>
    <datafield tag="500" ind1=" " ind2=" ">
      <subfield code="a">Sequel to: Harry Potter and the Half-Blood Prince.</subfield>
    </datafield>
    <datafield tag="505" ind1="0" ind2="0">
      <subfield code="g">1.</subfield>
      <subfield code="t">The Dark Lord ascending --</subfield>
      <subfield code="g">2.</subfield>
      <subfield code="t">In memoriam --</subfield>
      <subfield code="g">3.</subfield>
      <subfield code="t">The Dursleys departing --</subfield>
      <subfield code="g">4.</subfield>
      <subfield code="t">The seven Potters --</subfield>
      <subfield code="g">5.</subfield>
      <subfield code="t">Fallen warrior --</subfield>
      <subfield code="g">6.</subfield>
      <subfield code="t">The ghoul in pajamas --</subfield>
      <subfield code="g">7.</subfield>
      <subfield code="t">The will of Albus Dumbledore --</subfield>
      <subfield code="g">8.</subfield>
      <subfield code="t">The wedding --</subfield>
      <subfield code="g">9.</subfield>
      <subfield code="t">A place to hide --</subfield>
      <subfield code="g">10.</subfield>
      <subfield code="t">Kreacher's tale --</subfield>
      <subfield code="g">11.</subfield>
      <subfield code="t">The bribe --</subfield>
      <subfield code="g">12.</subfield>
      <subfield code="t">Magic is might --</subfield>
      <subfield code="g">13.</subfield>
      <subfield code="t">The Muggle-born Registration Commission --</subfield>
      <subfield code="g">14.</subfield>
      <subfield code="t">The thief --</subfield>
      <subfield code="g">15.</subfield>
      <subfield code="t">The goblin's revenge --</subfield>
      <subfield code="g">16.</subfield>
      <subfield code="t">Godric's Hollow --</subfield>
      <subfield code="g">17.</subfield>
      <subfield code="t">Bathilda's secret --</subfield>
      <subfield code="g">18.</subfield>
      <subfield code="t">The life and lies of Albus Dumbledore --</subfield>
      <subfield code="g">19.</subfield>
      <subfield code="t">The silver doe --</subfield>
      <subfield code="g">20.</subfield>
      <subfield code="t">Xenophilius Lovegood --</subfield>
      <subfield code="g">21.</subfield>
      <subfield code="t">The tale of the three brothers --</subfield>
      <subfield code="g">22.</subfield>
      <subfield code="t">The Deathly Hallows --</subfield>
      <subfield code="g">23.</subfield>
      <subfield code="t">Malfoy Manor --</subfield>
      <subfield code="g">24.</subfield>
      <subfield code="t">The wandmaker --</subfield>
      <subfield code="g">25.</subfield>
      <subfield code="t">Shell Cottage --</subfield>
      <subfield code="g">26.</subfield>
      <subfield code="t">Gringotts --</subfield>
      <subfield code="g">27.</subfield>
      <subfield code="t">The final hiding place --</subfield>
      <subfield code="g">28.</subfield>
      <subfield code="t">The missing mirror --</subfield>
      <subfield code="g">29.</subfield>
      <subfield code="t">The lost diadem --</subfield>
      <subfield code="g">30.</subfield>
      <subfield code="t">The sacking of Severus Snape --</subfield>
      <subfield code="g">31.</subfield>
      <subfield code="t">The Battle of Hogwarts --</subfield>
      <subfield code="g">32.</subfield>
      <subfield code="t">The Elder Wand --</subfield>
      <subfield code="g">33.</subfield>
      <subfield code="t">The prince's tale --</subfield>
      <subfield code="g">34.</subfield>
      <subfield code="t">The forest again --</subfield>
      <subfield code="g">35.</subfield>
      <subfield code="t">King's Cross --</subfield>
      <subfield code="g">36.</subfield>
      <subfield code="t">The flaw in the plan --</subfield>
      <subfield code="t">Epilogue.</subfield>
    </datafield>
    <datafield tag="520" ind1=" " ind2=" ">
      <subfield code="a">Burdened with the dark, dangerous, and seemingly impossible task of locating and destroying Voldemort's remaining Horcruxes, Harry, feeling alone and uncertain about his future, struggles to find the inner strength he needs to follow the path set out before him.</subfield>
    </datafield>
    <datafield tag="650" ind1=" " ind2="1">
      <subfield code="a">Wizards</subfield>
      <subfield code="v">Fiction.</subfield>
    </datafield>
    <datafield tag="650" ind1=" " ind2="1">
      <subfield code="a">Magic</subfield>
      <subfield code="v">Fiction.</subfield>
    </datafield>
    <datafield tag="650" ind1=" " ind2="1">
      <subfield code="a">Coming of age</subfield>
      <subfield code="v">Fiction.</subfield>
    </datafield>
    <datafield tag="650" ind1=" " ind2="0">
      <subfield code="a">Potter, Harry (Fictitious character)</subfield>
      <subfield code="v">Juvenile fiction.</subfield>
    </datafield>
    <datafield tag="650" ind1=" " ind2="0">
      <subfield code="a">Wizards</subfield>
      <subfield code="v">Juvenile fiction.</subfield>
    </datafield>
    <datafield tag="650" ind1=" " ind2="0">
      <subfield code="a">Magic</subfield>
      <subfield code="v">Juvenile fiction.</subfield>
    </datafield>
    <datafield tag="650" ind1=" " ind2="0">
      <subfield code="a">Schools</subfield>
      <subfield code="v">Juvenile fiction.</subfield>
    </datafield>
    <datafield tag="650" ind1=" " ind2="0">
      <subfield code="a">Hogwarts School of Witchcraft and Wizardry (Imaginary organization)</subfield>
      <subfield code="v">Juvenile fiction.</subfield>
    </datafield>
    <datafield tag="651" ind1=" " ind2="1">
      <subfield code="a">England</subfield>
      <subfield code="v">Fiction.</subfield>
    </datafield>
    <datafield tag="651" ind1=" " ind2="0">
      <subfield code="a">England</subfield>
      <subfield code="v">Juvenile fiction.</subfield>
    </datafield>
    <datafield tag="655" ind1=" " ind2="0">
      <subfield code="a">Fantasy fiction.</subfield>
    </datafield>
    <datafield tag="655" ind1=" " ind2="7">
      <subfield code="a">Bildungsromans.</subfield>
      <subfield code="2">gsafd</subfield>
    </datafield>
    <datafield tag="700" ind1="1" ind2=" ">
      <subfield code="a">GrandPré, Mary,</subfield>
      <subfield code="e">ill.</subfield>
    </datafield>
    <datafield tag="800" ind1="1" ind2=" ">
      <subfield code="a">Rowling, J. K.</subfield>
      <subfield code="t">Year ... at Hogwarts ;</subfield>
      <subfield code="v">7.</subfield>
    </datafield>
    <datafield tag="994" ind1=" " ind2=" ">
      <subfield code="a">C0</subfield>
      <subfield code="b">RRR</subfield>
    </datafield>
  </record>