
  <record>
    <leader>00663cas a22002050  4500</leader>
    <controlfield tag="001">4598045</controlfield>
    <controlfield tag="005">20110725122356.0</controlfield>
    <controlfield tag="008">110725c19769999nyusn1p       0   a0eng d</controlfield>
    <datafield tag="010" ind1=" " ind2=" ">
      <subfield code="a">76645271</subfield>
    </datafield>
    <datafield tag="022" ind1="0" ind2=" ">
      <subfield code="a">0363-0277</subfield>
      <subfield code="y">0000-0027</subfield>
    </datafield>
    <datafield tag="040" ind1=" " ind2=" ">
      <subfield code="a">NSD</subfield>
      <subfield code="c">NSD</subfield>
      <subfield code="d">DLC</subfield>
      <subfield code="d">NSD</subfield>
      <subfield code="d">OCL</subfield>
      <subfield code="d">NSD</subfield>
      <subfield code="d">DLC</subfield>
      <subfield code="d">RCS</subfield>
      <subfield code="d">OCL</subfield>
      <subfield code="d">AIP</subfield>
      <subfield code="d">OCL</subfield>
      <subfield code="d">NSD</subfield>
      <subfield code="d">AIP</subfield>
      <subfield code="d">NST</subfield>
      <subfield code="d">OCL</subfield>
      <subfield code="d">NST</subfield>
      <subfield code="d">AIP</subfield>
      <subfield code="d">OCL</subfield>
      <subfield code="d">NST</subfield>
    </datafield>
    <datafield tag="043" ind1=" " ind2=" ">
      <subfield code="a">n-us---</subfield>
    </datafield>
    <datafield tag="210" ind1="0" ind2=" ">
      <subfield code="a">Libr. j.</subfield>
      <subfield code="b">(1976)</subfield>
    </datafield>
    <datafield tag="222" ind1=" " ind2="0">
      <subfield code="a">Library journal</subfield>
      <subfield code="b">(1976)</subfield>
    </datafield>
    <datafield tag="245" ind1="0" ind2="0">
      <subfield code="a">Library journal.</subfield>
    </datafield>
    <datafield tag="260" ind1=" " ind2=" ">
      <subfield code="a">[New York,</subfield>
      <subfield code="b">Bowker]</subfield>
    </datafield>
    <datafield tag="362" ind1="0" ind2=" ">
      <subfield code="a">v. 101, no. 9-   May 1, 1976-</subfield>
    </datafield>
    <datafield tag="650" ind1=" " ind2="0">
      <subfield code="a">Library science</subfield>
      <subfield code="x">Periodicals.</subfield>
    </datafield>
    <datafield tag="650" ind1=" " ind2="0">
      <subfield code="a">Libraries</subfield>
      <subfield code="z">United States.</subfield>
    </datafield>
    <datafield tag="780" ind1="0" ind2="0">
      <subfield code="t">LJ, Library journal</subfield>
      <subfield code="x">0360-3113</subfield>
      <subfield code="w">(OCoLC)2171727</subfield>
    </datafield>
  </record>