
  <record>
    <leader>00968cas a2200301 a 4500</leader>
    <controlfield tag="001">4598046</controlfield>
    <controlfield tag="005">20110725123448.0</controlfield>
    <controlfield tag="008">110725c19939999caumr1p       0   a0eng d</controlfield>
    <datafield tag="010" ind1=" " ind2=" ">
      <subfield code="z">sn 91003654</subfield>
    </datafield>
    <datafield tag="022" ind1="0" ind2=" ">
      <subfield code="a">1059-1028</subfield>
    </datafield>
    <datafield tag="030" ind1=" " ind2=" ">
      <subfield code="a">WREDEM</subfield>
    </datafield>
    <datafield tag="040" ind1=" " ind2=" ">
      <subfield code="a">NSD</subfield>
      <subfield code="c">NSD</subfield>
      <subfield code="d">HUL</subfield>
      <subfield code="d">CLU</subfield>
      <subfield code="d">DLC</subfield>
      <subfield code="d">CAS</subfield>
      <subfield code="d">EYM</subfield>
      <subfield code="d">WAU</subfield>
      <subfield code="d">RNM</subfield>
    </datafield>
    <datafield tag="042" ind1=" " ind2=" ">
      <subfield code="a">nsdp</subfield>
      <subfield code="a">lc</subfield>
    </datafield>
    <datafield tag="049" ind1=" " ind2=" ">
      <subfield code="a">RNMM</subfield>
    </datafield>
    <datafield tag="099" ind1=" " ind2=" ">
      <subfield code="a">Serial</subfield>
    </datafield>
    <datafield tag="130" ind1="0" ind2=" ">
      <subfield code="a">Wired (San Francisco, Calif.)</subfield>
    </datafield>
    <datafield tag="210" ind1="0" ind2=" ">
      <subfield code="a">Wired</subfield>
      <subfield code="b">(San Franc. Calif.)</subfield>
    </datafield>
    <datafield tag="222" ind1=" " ind2="0">
      <subfield code="a">Wired</subfield>
      <subfield code="b">(San Francisco, Calif.)</subfield>
    </datafield>
    <datafield tag="245" ind1="0" ind2="0">
      <subfield code="a">Wired.</subfield>
    </datafield>
    <datafield tag="246" ind1="1" ind2="1">
      <subfield code="a">Chʻuan lien hao</subfield>
    </datafield>
    <datafield tag="260" ind1=" " ind2=" ">
      <subfield code="a">San Francisco, CA :</subfield>
      <subfield code="b">Wired USA,</subfield>
    </datafield>
    <datafield tag="362" ind1="1" ind2=" ">
      <subfield code="a">Began publication with: 1.1 (1993).</subfield>
    </datafield>
    <datafield tag="500" ind1=" " ind2=" ">
      <subfield code="a">Issues for Sept./Oct. 1993-    have Chinese title: Chʻuan lien hao.</subfield>
    </datafield>
    <datafield tag="500" ind1=" " ind2=" ">
      <subfield code="a">Imprint varies.</subfield>
    </datafield>
    <datafield tag="500" ind1=" " ind2=" ">
      <subfield code="a">Description based on: 2.08 (August 1994).</subfield>
    </datafield>
    <datafield tag="515" ind1=" " ind2=" ">
      <subfield code="a">Vol. 1.1 also called Premiere issue.</subfield>
    </datafield>
    <datafield tag="650" ind1=" " ind2="2">
      <subfield code="a">Attitude to Computers</subfield>
      <subfield code="v">Periodicals.</subfield>
    </datafield>
    <datafield tag="650" ind1=" " ind2="2">
      <subfield code="a">Computer Communication Networks</subfield>
      <subfield code="v">Periodicals.</subfield>
    </datafield>
  </record>