
  <record>
    <leader>04116cgm a2200433Ia 4500</leader>
    <controlfield tag="001">4598047</controlfield>
    <controlfield tag="005">20110725124557.0</controlfield>
    <controlfield tag="007">vd cvaizs</controlfield>
    <controlfield tag="008">110725s2004    xxu573            vceng  </controlfield>
    <datafield tag="010" ind1=" " ind2=" ">
      <subfield code="a">  2004640022</subfield>
    </datafield>
    <datafield tag="024" ind1="1" ind2=" ">
      <subfield code="a">014381227123 (set)</subfield>
    </datafield>
    <datafield tag="028" ind1="4" ind2="0">
      <subfield code="a">NATD2271DVD (set)</subfield>
    </datafield>
    <datafield tag="040" ind1=" " ind2=" ">
      <subfield code="a">DLC</subfield>
      <subfield code="e">amim</subfield>
      <subfield code="c">DLC</subfield>
    </datafield>
    <datafield tag="049" ind1=" " ind2=" ">
      <subfield code="a">RRRR</subfield>
    </datafield>
    <datafield tag="090" ind1=" " ind2=" ">
      <subfield code="a">PN1993.5.U6</subfield>
      <subfield code="b">T74 2004</subfield>
    </datafield>
    <datafield tag="245" ind1="0" ind2="0">
      <subfield code="a">More treasures from American film archives, 1894-1931</subfield>
      <subfield code="h">[videorecording] :</subfield>
      <subfield code="b">50 films /</subfield>
      <subfield code="c">Sony Pictures ; produced by the National Film Preservation Foundation ; curator, Scott Simmon ; music curator, Martin Marks.</subfield>
    </datafield>
    <datafield tag="246" ind1="3" ind2="0">
      <subfield code="a">50 films</subfield>
    </datafield>
    <datafield tag="246" ind1="3" ind2="0">
      <subfield code="a">Fifty films</subfield>
    </datafield>
    <datafield tag="260" ind1=" " ind2=" ">
      <subfield code="a">United States :</subfield>
      <subfield code="b">Image Entertainment,</subfield>
      <subfield code="c">2004.</subfield>
    </datafield>
    <datafield tag="300" ind1=" " ind2=" ">
      <subfield code="a">3 videodiscs (573 min.) :</subfield>
      <subfield code="b">sd., b&amp;w and col. ;</subfield>
      <subfield code="c">4 3/4 in.</subfield>
      <subfield code="e">1 book (186 p. ; ill. ; 29 cm.)</subfield>
    </datafield>
    <datafield tag="500" ind1=" " ind2=" ">
      <subfield code="a">This set was made possible in part by a grant from the National Endowment for the Humanities.</subfield>
    </datafield>
    <datafield tag="500" ind1=" " ind2=" ">
      <subfield code="a">Special features: over 9 1/2 hours on 3 discs ;  commentary by 17 critics, historians, and preservationists ; digitally mastered from the finest archival sources ; newly recorded musical scores ; over 500 interactive screens about the films and music ; 186-page illustrated book with film notes and credits ; postcards from the films ; playable worldwide.</subfield>
    </datafield>
    <datafield tag="500" ind1=" " ind2=" ">
      <subfield code="a">Accompanying book (186 p.) contains full credits, essays by the curators, over 60 illustrations, and indexes.</subfield>
    </datafield>
    <datafield tag="500" ind1=" " ind2=" ">
      <subfield code="a">Films are from five major film archives: the Academy of Motion Picture Arts and Sciences, George Eastman House, the Library of Congress, the Museum of Modern Art, and the UCLA Film and Television Archive.</subfield>
    </datafield>
    <datafield tag="500" ind1=" " ind2=" ">
      <subfield code="a">Sources used: accompanying book; brochure for title in M/B/RS organizations files (National Film Preservation Foundation); National Film Preservation Foundation web site.</subfield>
    </datafield>
    <datafield tag="505" ind1="0" ind2=" ">
      <subfield code="a">Program 1. Dickson experimental sound film -- Annie Oakley, Buffalo dance, Bucking broncho -- The suburbanite -- The country doctor -- The wonderful Wizard of Oz -- Admiral Cigarette, Flash Cleaner, Buy an electric refrigerator, The stenographer's friend -- The invaders -- The hazards of Helen -- Gretchen the greenhorn -- The breath of a nation -- De-light: making an electric light bulb -- Skyscraper symphony -- Greetings by George Bernard Shaw.</subfield>
    </datafield>
    <datafield tag="505" ind1="8" ind2=" ">
      <subfield code="a">Program 2. What happened on Twenty-Third Street, At the foot of the Flatiron, New York City "ghetto" fish market -- From Leadville to Aspen -- The "Teddy" bears -- Children who labor -- The flute of Krishna -- Surviving reel of Lotus blossom -- Gus Visser and his singing duck -- Clash of the wolves -- International newsreel -- Now you're talking -- There it is -- A Bronx morning.</subfield>
    </datafield>
    <datafield tag="505" ind1="8" ind2=" ">
      <subfield code="a">Program 3. Rip Van Winkle -- Mr. Edison at work in his chemical laboratory -- Life of an American fireman -- Westinghouse works -- Falling leaves -- Hollywood promotional films -- De Forest Phonofilms -- Inklings -- Lady Windermere's fan -- Cockeyed -- Prologue from The Passaic textile strike -- Tramp, tramp, tramp -- Zora Neale Hurston's fieldwork footage -- Trailers for six lost films.</subfield>
    </datafield>
    <datafield tag="520" ind1=" " ind2=" ">
      <subfield code="a">An anthology of films from American film archives. In addition to rare silent-era features, includes cartoons and animation, documentaries and newsreels, earliest American movies, pioneering sound and color experiments, serial episodes, trailers for lost films, advertisements, avant-garde shorts, ethnographic footage, films of ethnic communities, and other film types invented during the first four decades of the motion picture. Contains 50 films followed by six previews for lost features and serials. Also contains newly recorded musical scores and over 500 interactive screens about the films and music.</subfield>
    </datafield>
    <datafield tag="538" ind1=" " ind2=" ">
      <subfield code="a">DVD ; NTSC ; Dolby digital stereo sound.</subfield>
    </datafield>
    <datafield tag="650" ind1=" " ind2="0">
      <subfield code="a">Motion pictures</subfield>
      <subfield code="z">United States</subfield>
      <subfield code="x">History.</subfield>
    </datafield>
    <datafield tag="700" ind1="1" ind2=" ">
      <subfield code="a">Simmon, Scott,</subfield>
      <subfield code="e">research.</subfield>
    </datafield>
    <datafield tag="700" ind1="1" ind2=" ">
      <subfield code="a">Marks, Martin Miller,</subfield>
      <subfield code="e">music.</subfield>
    </datafield>
    <datafield tag="710" ind1="2" ind2=" ">
      <subfield code="a">Sony Pictures.</subfield>
    </datafield>
    <datafield tag="710" ind1="2" ind2=" ">
      <subfield code="a">National Film Preservation Foundation (U.S.)</subfield>
    </datafield>
    <datafield tag="710" ind1="2" ind2=" ">
      <subfield code="a">Image Entertainment (Firm)</subfield>
    </datafield>
    <datafield tag="945" ind1=" " ind2=" ">
      <subfield code="a">MARS</subfield>
    </datafield>
    <datafield tag="994" ind1=" " ind2=" ">
      <subfield code="a">E0</subfield>
      <subfield code="b">RRR</subfield>
    </datafield>
  </record>