
  <record>
    <leader>01549cam a2200349Ia 4500</leader>
    <controlfield tag="001">1542864</controlfield>
    <controlfield tag="005">20010526221341.0</controlfield>
    <controlfield tag="008">961217s1996    gw a     bk   000 0 ger d</controlfield>
    <datafield tag="020" ind1=" " ind2=" ">
      <subfield code="a">3920950267</subfield>
    </datafield>
    <datafield tag="024" ind1="2" ind2=" ">
      <subfield code="a">M-005028191-7</subfield>
    </datafield>
    <datafield tag="028" ind1="3" ind2="2">
      <subfield code="a">2819 P.J.T.</subfield>
      <subfield code="b">P.J. Tonger Musikverlag</subfield>
    </datafield>
    <datafield tag="035" ind1=" " ind2=" ">
      <subfield code="a">(OCoLC)36099639</subfield>
    </datafield>
    <datafield tag="035" ind1=" " ind2=" ">
      <subfield code="a">1542864</subfield>
    </datafield>
    <datafield tag="040" ind1=" " ind2=" ">
      <subfield code="a">OSU</subfield>
      <subfield code="c">OSU</subfield>
      <subfield code="d">NYP</subfield>
    </datafield>
    <datafield tag="041" ind1="1" ind2=" ">
      <subfield code="a">ger</subfield>
      <subfield code="e">itager</subfield>
      <subfield code="h">ita</subfield>
    </datafield>
    <datafield tag="049" ind1=" " ind2=" ">
      <subfield code="a">RESM</subfield>
    </datafield>
    <datafield tag="090" ind1=" " ind2=" ">
      <subfield code="a">ML410.V855</subfield>
      <subfield code="b">Z69 1996</subfield>
    </datafield>
    <datafield tag="100" ind1="1" ind2=" ">
      <subfield code="a">Zilkens, Udo,</subfield>
      <subfield code="d">1964-</subfield>
    </datafield>
    <datafield tag="245" ind1="1" ind2="0">
      <subfield code="a">Antonio Vivaldi :</subfield>
      <subfield code="b">zwischen Naturalismus und Pop : die vier Jahreszeiten im Spiegel ihrer Interpretationen durch Musiktheoretiker und Musiker, in Bearbeitungen und auf Plattencovern /</subfield>
      <subfield code="c">Udo Zilkens ; mit einer Diskographie von Roger-Claude Travers.</subfield>
    </datafield>
    <datafield tag="246" ind1="3" ind2="0">
      <subfield code="a">Zwischen Naturalismus und Pop</subfield>
    </datafield>
    <datafield tag="246" ind1="3" ind2="0">
      <subfield code="a">Vier Jahreszeiten im Spiegel ihrer Interpretationen durch Musiktheoretiker und Musiker, in Bearbeitungen und auf Plattencovern</subfield>
    </datafield>
    <datafield tag="260" ind1=" " ind2=" ">
      <subfield code="a">Köln-Rodenkirchen :</subfield>
      <subfield code="b">P.J. Tonger Musikverlag,</subfield>
      <subfield code="c">c1996.</subfield>
    </datafield>
    <datafield tag="300" ind1=" " ind2=" ">
      <subfield code="a">95 p. ;</subfield>
      <subfield code="b">ill. ;</subfield>
      <subfield code="c">25 cm.</subfield>
    </datafield>
    <datafield tag="504" ind1=" " ind2=" ">
      <subfield code="a">Discography: p. 84-89.</subfield>
    </datafield>
    <datafield tag="504" ind1=" " ind2=" ">
      <subfield code="a">Includes bibliographical references (p. 82-83) and index.</subfield>
    </datafield>
    <datafield tag="546" ind1=" " ind2=" ">
      <subfield code="a">Includes the sonnets in Italian and German : p. 92-95.</subfield>
    </datafield>
    <datafield tag="600" ind1="1" ind2="0">
      <subfield code="a">Vivaldi, Antonio,</subfield>
      <subfield code="d">1678-1741</subfield>
      <subfield code="x">Criticism and interpretation.</subfield>
    </datafield>
    <datafield tag="600" ind1="1" ind2="0">
      <subfield code="a">Vivaldi, Antonio,</subfield>
      <subfield code="d">1678-1741.</subfield>
      <subfield code="t">Cimento dell'armonia e dell'inventione.</subfield>
      <subfield code="n">N. 1-4.</subfield>
    </datafield>
    <datafield tag="600" ind1="1" ind2="0">
      <subfield code="a">Vivaldi, Antonio,</subfield>
      <subfield code="d">1678-1741</subfield>
      <subfield code="v">Discography.</subfield>
    </datafield>
    <datafield tag="650" ind1=" " ind2="0">
      <subfield code="a">Concertos (Violin with string orchestra)</subfield>
    </datafield>
    <datafield tag="700" ind1="1" ind2=" ">
      <subfield code="a">Travers, Roger-Claude.</subfield>
    </datafield>
    <datafield tag="945" ind1=" " ind2=" ">
      <subfield code="a">MARS</subfield>
    </datafield>
  </record>