
  <record>
    <leader>01269nam a22003618a 4500</leader>
    <controlfield tag="001">992971</controlfield>
    <controlfield tag="008">880713s1990    enkag    b    001 0 eng  </controlfield>
    <datafield tag="010" ind1=" " ind2=" ">
      <subfield code="a">   88022469 </subfield>
    </datafield>
    <datafield tag="020" ind1=" " ind2=" ">
      <subfield code="a">0193163292 :</subfield>
      <subfield code="c">£55.00 (est.) ( 165.00 U.S. : est.)</subfield>
    </datafield>
    <datafield tag="035" ind1=" " ind2=" ">
      <subfield code="b">ocm</subfield>
      <subfield code="a">18290176</subfield>
    </datafield>
    <datafield tag="035" ind1=" " ind2=" ">
      <subfield code="9">00937855</subfield>
    </datafield>
    <datafield tag="040" ind1=" " ind2=" ">
      <subfield code="a">DLC</subfield>
      <subfield code="c">DLC</subfield>
      <subfield code="d">RES</subfield>
    </datafield>
    <datafield tag="049" ind1=" " ind2=" ">
      <subfield code="a">[Reference] RESM [copy 1]</subfield>
    </datafield>
    <datafield tag="050" ind1="0" ind2=" ">
      <subfield code="a">ML160</subfield>
      <subfield code="b">.N44 1989 vol. 2</subfield>
    </datafield>
    <datafield tag="090" ind1=" " ind2=" ">
      <subfield code="a">ML160</subfield>
      <subfield code="b">.N532 1990, v.2</subfield>
    </datafield>
    <datafield tag="099" ind1=" " ind2=" ">
      <subfield code="a">ML160 .N532 1990, v.2</subfield>
    </datafield>
    <datafield tag="245" ind1="0" ind2="4">
      <subfield code="a">The Early Middle Ages to 1300 /</subfield>
      <subfield code="c">edited by Richard Crocker and David Hiley.</subfield>
    </datafield>
    <datafield tag="250" ind1=" " ind2=" ">
      <subfield code="a">2nd ed.</subfield>
    </datafield>
    <datafield tag="260" ind1=" " ind2=" ">
      <subfield code="a">Oxford ;</subfield>
      <subfield code="a">New York :</subfield>
      <subfield code="b">Oxford University Press,</subfield>
      <subfield code="c">1990.</subfield>
    </datafield>
    <datafield tag="300" ind1=" " ind2=" ">
      <subfield code="a">xx, 795 p. :</subfield>
      <subfield code="b">ill., music ;</subfield>
      <subfield code="c">26 cm.</subfield>
    </datafield>
    <datafield tag="490" ind1="1" ind2=" ">
      <subfield code="a">New Oxford history of music ;</subfield>
      <subfield code="v">v. 2</subfield>
    </datafield>
    <datafield tag="500" ind1=" " ind2=" ">
      <subfield code="a">Rev ed. of: Early medieval music, up to 1300. 1967.</subfield>
    </datafield>
    <datafield tag="500" ind1=" " ind2=" ">
      <subfield code="a">Includes index.</subfield>
    </datafield>
    <datafield tag="504" ind1=" " ind2=" ">
      <subfield code="a">Bibliography: p. [721]-775.</subfield>
    </datafield>
    <datafield tag="650" ind1=" " ind2="0">
      <subfield code="a">Music</subfield>
      <subfield code="y">500-1400</subfield>
      <subfield code="x">History and criticism.</subfield>
    </datafield>
    <datafield tag="700" ind1="1" ind2=" ">
      <subfield code="a">Crocker, Richard L.</subfield>
    </datafield>
    <datafield tag="700" ind1="1" ind2=" ">
      <subfield code="a">Hiley, David.</subfield>
    </datafield>
    <datafield tag="730" ind1="0" ind2=" ">
      <subfield code="a">Early medieval music, up to 1300.</subfield>
    </datafield>
    <datafield tag="830" ind1=" " ind2="0">
      <subfield code="a">New Oxford history of music (2nd ed.) ;</subfield>
      <subfield code="v">v. 2.</subfield>
    </datafield>
    <datafield tag="910" ind1=" " ind2=" ">
      <subfield code="a">950805</subfield>
    </datafield>
    <datafield tag="911" ind1=" " ind2=" ">
      <subfield code="a">p</subfield>
    </datafield>
    <datafield tag="966" ind1=" " ind2=" ">
      <subfield code="l">/Ref</subfield>
      <subfield code="m">SREF</subfield>
      <subfield code="s">ML160 .N532 1990, v.2</subfield>
      <subfield code="c">1</subfield>
      <subfield code="b">39087009870736</subfield>
    </datafield>
    <datafield tag="966" ind1=" " ind2=" ">
      <subfield code="l">GenStk</subfield>
      <subfield code="m">DIVMTH</subfield>
      <subfield code="s">ML160 .N44 1990 v.2</subfield>
    </datafield>
  </record>