
  <record>
    <leader>01030nam a2200301 a 4500</leader>
    <controlfield tag="001">2661237</controlfield>
    <controlfield tag="005">20040913143958.0</controlfield>
    <controlfield tag="006">m        d        </controlfield>
    <controlfield tag="007">cr zn|</controlfield>
    <controlfield tag="008">000414s1999    caua    s     000 0 eng d</controlfield>
    <datafield tag="020" ind1=" " ind2=" ">
      <subfield code="z">0782122000</subfield>
    </datafield>
    <datafield tag="035" ind1=" " ind2=" ">
      <subfield code="a">(CtWfDGI)bks00000384</subfield>
    </datafield>
    <datafield tag="040" ind1=" " ind2=" ">
      <subfield code="a">CtWfDGI</subfield>
      <subfield code="c">CtWfDGI</subfield>
    </datafield>
    <datafield tag="050" ind1="1" ind2="4">
      <subfield code="a">QA76.73.P22</subfield>
      <subfield code="b">H47 1999b</subfield>
    </datafield>
    <datafield tag="082" ind1="0" ind2="0">
      <subfield code="a">005.13/3</subfield>
      <subfield code="2">21</subfield>
    </datafield>
    <datafield tag="100" ind1="1" ind2=" ">
      <subfield code="a">Herrmann, Eric.</subfield>
    </datafield>
    <datafield tag="245" ind1="1" ind2="0">
      <subfield code="a">Mastering Perl 5</subfield>
      <subfield code="h">[electronic resource] /</subfield>
      <subfield code="c">Eric C. Herrmann.</subfield>
    </datafield>
    <datafield tag="246" ind1="3" ind2=" ">
      <subfield code="a">Mastering Perl five</subfield>
    </datafield>
    <datafield tag="256" ind1=" " ind2=" ">
      <subfield code="a">Computer document.</subfield>
    </datafield>
    <datafield tag="260" ind1=" " ind2=" ">
      <subfield code="a">San Francisco, Calif. :</subfield>
      <subfield code="b">Sybex,</subfield>
      <subfield code="c">c1999</subfield>
      <subfield code="e">(Norwood, Mass. :</subfield>
      <subfield code="f">Books24x7.com [generator])</subfield>
    </datafield>
    <datafield tag="500" ind1=" " ind2=" ">
      <subfield code="a">Title from title screen.</subfield>
    </datafield>
    <datafield tag="516" ind1=" " ind2=" ">
      <subfield code="a">Text.</subfield>
    </datafield>
    <datafield tag="530" ind1=" " ind2=" ">
      <subfield code="a">Available also in a print ed.</subfield>
    </datafield>
    <datafield tag="538" ind1=" " ind2=" ">
      <subfield code="a">Mode of access: Internet via World Wide Web.</subfield>
    </datafield>
    <datafield tag="550" ind1=" " ind2=" ">
      <subfield code="a">Digitized and made available by: Books 24x7.com.</subfield>
    </datafield>
    <datafield tag="650" ind1=" " ind2="0">
      <subfield code="a">Perl (Computer program language)</subfield>
    </datafield>
    <datafield tag="856" ind1="7" ind2=" ">
      <subfield code="u">http://www.books24x7.com/marc.asp?isbn=0782122000</subfield>
      <subfield code="2">http</subfield>
    </datafield>
    <datafield tag="999" ind1=" " ind2=" ">
      <subfield code="a">Text data RCL Internet Books24x7</subfield>
    </datafield>
  </record>