
  <record>
    <leader>02811cas a2200529   4500</leader>
    <controlfield tag="001">4601376</controlfield>
    <controlfield tag="005">20110727112403.0</controlfield>
    <controlfield tag="006">m        d        </controlfield>
    <controlfield tag="007">cr  n         </controlfield>
    <controlfield tag="008">110727c18699999enkwn p s     0   a0eng c</controlfield>
    <datafield tag="016" ind1="7" ind2=" ">
      <subfield code="a">N07600000</subfield>
      <subfield code="2">DNLM</subfield>
    </datafield>
    <datafield tag="022" ind1="0" ind2=" ">
      <subfield code="a">0028-0836</subfield>
      <subfield code="l">0028-0836</subfield>
      <subfield code="z">0302-2889</subfield>
      <subfield code="2">2</subfield>
    </datafield>
    <datafield tag="030" ind1=" " ind2=" ">
      <subfield code="a">NATUAS</subfield>
    </datafield>
    <datafield tag="032" ind1=" " ind2=" ">
      <subfield code="a">082070</subfield>
      <subfield code="b">USPS</subfield>
    </datafield>
    <datafield tag="035" ind1=" " ind2=" ">
      <subfield code="a">(WaSeSS)ssj0005174</subfield>
    </datafield>
    <datafield tag="040" ind1=" " ind2=" ">
      <subfield code="a">MnMULS</subfield>
      <subfield code="c">MnMULS</subfield>
      <subfield code="d">OCoLC</subfield>
      <subfield code="d">NIC</subfield>
      <subfield code="d">NSDP</subfield>
      <subfield code="d">InU</subfield>
      <subfield code="d">MH</subfield>
      <subfield code="d">DLC</subfield>
      <subfield code="d">OCoLC</subfield>
      <subfield code="d">NSDP</subfield>
      <subfield code="d">OCoLC</subfield>
      <subfield code="d">DLC</subfield>
      <subfield code="d">OCoLC</subfield>
      <subfield code="d">DLC</subfield>
      <subfield code="d">OCoLC</subfield>
      <subfield code="d">NST</subfield>
      <subfield code="d">AIP</subfield>
      <subfield code="d">NSDP</subfield>
      <subfield code="d">AIP</subfield>
      <subfield code="d">DLC</subfield>
      <subfield code="d">OCoLC</subfield>
      <subfield code="d">NST</subfield>
      <subfield code="d">ICRL</subfield>
      <subfield code="d">NST</subfield>
      <subfield code="d">NSDP</subfield>
      <subfield code="d">OCoLC</subfield>
      <subfield code="d">NST</subfield>
      <subfield code="d">DNAL</subfield>
      <subfield code="d">NST</subfield>
      <subfield code="d">DLC</subfield>
      <subfield code="d">NSDP</subfield>
      <subfield code="d">MH</subfield>
      <subfield code="d">MiU</subfield>
      <subfield code="d">DNLM</subfield>
      <subfield code="d">MH</subfield>
      <subfield code="d">DLC</subfield>
      <subfield code="d">OCU-M</subfield>
      <subfield code="d">DLC</subfield>
      <subfield code="d">MH</subfield>
      <subfield code="d">MiU</subfield>
      <subfield code="d">WaU</subfield>
      <subfield code="d">MCM</subfield>
      <subfield code="d">OCoLC</subfield>
      <subfield code="d">CaQMU</subfield>
      <subfield code="d">OCoLC</subfield>
      <subfield code="d">DIBAM</subfield>
      <subfield code="d">GU</subfield>
      <subfield code="d">NLGGC</subfield>
      <subfield code="d">NYDWH</subfield>
      <subfield code="d">MiEM</subfield>
      <subfield code="d">IEN</subfield>
      <subfield code="d">NIALS</subfield>
      <subfield code="d">CoU-DA</subfield>
      <subfield code="d">OCoLC</subfield>
      <subfield code="d">AMAZN</subfield>
      <subfield code="d">WaSeSS</subfield>
    </datafield>
    <datafield tag="042" ind1=" " ind2=" ">
      <subfield code="a">nsdp</subfield>
      <subfield code="a">pcc</subfield>
    </datafield>
    <datafield tag="050" ind1="0" ind2="0">
      <subfield code="a">Q1</subfield>
      <subfield code="b">.N2</subfield>
    </datafield>
    <datafield tag="050" ind1="1" ind2="4">
      <subfield code="a">QC1</subfield>
    </datafield>
    <datafield tag="060" ind1="0" ind2=" ">
      <subfield code="a">W1 NA81</subfield>
    </datafield>
    <datafield tag="070" ind1="0" ind2=" ">
      <subfield code="a">472</subfield>
      <subfield code="b">N21</subfield>
    </datafield>
    <datafield tag="082" ind1="0" ind2="0">
      <subfield code="a">505</subfield>
    </datafield>
    <datafield tag="130" ind1="0" ind2=" ">
      <subfield code="a">Nature (Online)</subfield>
    </datafield>
    <datafield tag="210" ind1="0" ind2=" ">
      <subfield code="a">Nature</subfield>
      <subfield code="b">(Lond.)</subfield>
    </datafield>
    <datafield tag="222" ind1=" " ind2="0">
      <subfield code="a">Nature</subfield>
      <subfield code="b">(London)</subfield>
    </datafield>
    <datafield tag="245" ind1="1" ind2="0">
      <subfield code="a">Nature</subfield>
      <subfield code="h">[electronic resource].</subfield>
    </datafield>
    <datafield tag="246" ind1="3" ind2=" ">
      <subfield code="a">International weekly journal of science</subfield>
    </datafield>
    <datafield tag="260" ind1=" " ind2=" ">
      <subfield code="a">[London, etc.,</subfield>
      <subfield code="b">Macmillan Journals Ltd., etc.]</subfield>
    </datafield>
    <datafield tag="310" ind1=" " ind2=" ">
      <subfield code="a">Weekly, except last week in Dec.,</subfield>
      <subfield code="b">1981-</subfield>
    </datafield>
    <datafield tag="362" ind1="0" ind2=" ">
      <subfield code="a">v. 1- Nov. 4, 1869-</subfield>
    </datafield>
    <datafield tag="500" ind1=" " ind2=" ">
      <subfield code="a">"International weekly journal of science"--Cover.</subfield>
    </datafield>
    <datafield tag="500" ind1=" " ind2=" ">
      <subfield code="a">Founded and for many years edited by Sir J.N. Lockyer.</subfield>
    </datafield>
    <datafield tag="500" ind1=" " ind2=" ">
      <subfield code="a">Latest issue consulted: Vol. 359, no. 6393 (24 Sept. 1992).</subfield>
    </datafield>
    <datafield tag="525" ind1=" " ind2=" ">
      <subfield code="a">CD-ROM and print supplements accompany many numbers.</subfield>
    </datafield>
    <datafield tag="580" ind1=" " ind2=" ">
      <subfield code="a">Vol. 229-246, Jan. 1971-Dec. 1973, issued in three parts. The two new parts, Nature: new biology, and Nature: physical sciences, continued the volume numbering of Nature in addition to carrying their own issue numbering. With vol. 246, Dec. 1973, Nature: new biology, and Nature: physical sciences, ceased publication and were absorbed by Nature.</subfield>
    </datafield>
    <datafield tag="580" ind1=" " ind2=" ">
      <subfield code="a">Beginning in 1994 complemented by Nature structural biology, which consists of articles on structural biology for a more specialist audience.</subfield>
    </datafield>
    <datafield tag="580" ind1=" " ind2=" ">
      <subfield code="a">Editorially independent from the journal Nature cell biology, but shares with that journal referees' comments on submitted articles, May 1999-</subfield>
    </datafield>
    <datafield tag="650" ind1=" " ind2="0">
      <subfield code="a">Science</subfield>
      <subfield code="v">Periodicals.</subfield>
    </datafield>
    <datafield tag="650" ind1=" " ind2="2">
      <subfield code="a">Science</subfield>
      <subfield code="v">Periodicals.</subfield>
    </datafield>
    <datafield tag="700" ind1="1" ind2=" ">
      <subfield code="a">Lockyer, Norman,</subfield>
      <subfield code="c">Sir,</subfield>
      <subfield code="d">1836-1920.</subfield>
      <subfield code="4">edt</subfield>
    </datafield>
    <datafield tag="710" ind1="2" ind2=" ">
      <subfield code="a">Nature Publishing Group.</subfield>
    </datafield>
    <datafield tag="710" ind1="2" ind2=" ">
      <subfield code="a">ProQuest Information and Learning Company.</subfield>
    </datafield>
    <datafield tag="710" ind1="2" ind2=" ">
      <subfield code="a">Thomson Gale (Firm)</subfield>
    </datafield>
    <datafield tag="776" ind1="0" ind2="8">
      <subfield code="i">Online version:</subfield>
      <subfield code="t">Nature (Online)</subfield>
      <subfield code="w">(DLC)  2005233250</subfield>
      <subfield code="w">(OCoLC)47076528</subfield>
    </datafield>
    <datafield tag="850" ind1=" " ind2=" ">
      <subfield code="a">AzU</subfield>
      <subfield code="a">CU</subfield>
      <subfield code="a">CU-A</subfield>
      <subfield code="a">CU-I</subfield>
      <subfield code="a">CU-RivA</subfield>
      <subfield code="a">CaNBFU</subfield>
      <subfield code="a">DLC</subfield>
      <subfield code="a">DNAL</subfield>
      <subfield code="a">ICRL</subfield>
      <subfield code="a">In</subfield>
      <subfield code="a">KyLoU</subfield>
      <subfield code="a">MCM</subfield>
      <subfield code="a">MH-PR</subfield>
      <subfield code="a">MiU</subfield>
      <subfield code="a">MoSU</subfield>
      <subfield code="a">NN</subfield>
      <subfield code="a">NNC</subfield>
      <subfield code="a">NcD</subfield>
      <subfield code="a">NcRS</subfield>
      <subfield code="a">NjR</subfield>
      <subfield code="a">OrU-S</subfield>
      <subfield code="a">PU</subfield>
      <subfield code="a">ViU</subfield>
    </datafield>
    <datafield tag="856" ind1="4" ind2="0">
      <subfield code="z">Full text</subfield>
      <subfield code="u">http://TQ7XH3EE6L.search.serialssolutions.com/?V=1.0&amp;L=TQ7XH3EE6L&amp;S=JCs&amp;C=NATULO&amp;T=marc</subfield>
    </datafield>
    <datafield tag="999" ind1=" " ind2=" ">
      <subfield code="a">Journal RCL Internet SS</subfield>
    </datafield>
  </record>