
  <record>
    <leader>02046cam a2200433 a 4500</leader>
    <controlfield tag="001">4598049</controlfield>
    <controlfield tag="005">20110725131706.0</controlfield>
    <controlfield tag="008">110725s2007    nyu           001 0 eng  </controlfield>
    <datafield tag="010" ind1=" " ind2=" ">
      <subfield code="a">  2007021424</subfield>
    </datafield>
    <datafield tag="020" ind1=" " ind2=" ">
      <subfield code="a">9780374292782 (hardcover : alk. paper)</subfield>
    </datafield>
    <datafield tag="020" ind1=" " ind2=" ">
      <subfield code="a">0374292787 (hardcover : alk. paper)</subfield>
    </datafield>
    <datafield tag="024" ind1="7" ind2=" ">
      <subfield code="a">99818674082</subfield>
      <subfield code="2">YBP</subfield>
    </datafield>
    <datafield tag="040" ind1=" " ind2=" ">
      <subfield code="a">DLC</subfield>
      <subfield code="c">DLC</subfield>
      <subfield code="d">BAKER</subfield>
      <subfield code="d">BTCTA</subfield>
      <subfield code="d">OCO</subfield>
      <subfield code="d">YDXCP</subfield>
    </datafield>
    <datafield tag="049" ind1=" " ind2=" ">
      <subfield code="a">RRRR</subfield>
    </datafield>
    <datafield tag="050" ind1="0" ind2="0">
      <subfield code="a">HM846</subfield>
      <subfield code="b">.F74 2007</subfield>
    </datafield>
    <datafield tag="082" ind1="0" ind2="0">
      <subfield code="a">303.48/33</subfield>
      <subfield code="2">22</subfield>
    </datafield>
    <datafield tag="100" ind1="1" ind2=" ">
      <subfield code="a">Friedman, Thomas L.</subfield>
    </datafield>
    <datafield tag="245" ind1="1" ind2="4">
      <subfield code="a">The world is flat :</subfield>
      <subfield code="b">a brief history of the twenty-first century /</subfield>
      <subfield code="c">Thomas L. Friedman.</subfield>
    </datafield>
    <datafield tag="250" ind1=" " ind2=" ">
      <subfield code="a">1st further updated and expanded hardcover ed.</subfield>
    </datafield>
    <datafield tag="260" ind1=" " ind2=" ">
      <subfield code="a">New York :</subfield>
      <subfield code="b">Farrar, Straus and Giroux,</subfield>
      <subfield code="c">2007.</subfield>
    </datafield>
    <datafield tag="300" ind1=" " ind2=" ">
      <subfield code="a">x, 660 p. ;</subfield>
      <subfield code="c">24 cm.</subfield>
    </datafield>
    <datafield tag="500" ind1=" " ind2=" ">
      <subfield code="a">[Release] "3.0 expanded ed."--P. ix.</subfield>
    </datafield>
    <datafield tag="500" ind1=" " ind2=" ">
      <subfield code="a">Includes index.</subfield>
    </datafield>
    <datafield tag="505" ind1="0" ind2=" ">
      <subfield code="a">While I was sleeping -- The ten forces that flattened the world -- The triple convergence -- The great sorting out -- America and free trade -- The untouchables -- The right stuff -- The quiet crisis -- This is not a test -- The Virgin of Guadalupe -- How companies cope -- Globalization of the local -- If it's not happening it's because you're not doing it -- What happens when we all have dog's hearing? -- The unflat world -- The Dell theory of conflict prevention -- 11/9 versus 9/11.</subfield>
    </datafield>
    <datafield tag="650" ind1=" " ind2="0">
      <subfield code="a">Diffusion of innovations.</subfield>
    </datafield>
    <datafield tag="650" ind1=" " ind2="0">
      <subfield code="a">Information society.</subfield>
    </datafield>
    <datafield tag="650" ind1=" " ind2="0">
      <subfield code="a">Globalization</subfield>
      <subfield code="x">Economic aspects.</subfield>
    </datafield>
    <datafield tag="650" ind1=" " ind2="0">
      <subfield code="a">Globalization</subfield>
      <subfield code="x">Social aspects.</subfield>
    </datafield>
    <datafield tag="938" ind1=" " ind2=" ">
      <subfield code="a">Baker &amp; Taylor</subfield>
      <subfield code="b">BKTY</subfield>
      <subfield code="c">35.00</subfield>
      <subfield code="d">26.25</subfield>
      <subfield code="i">0374292787</subfield>
      <subfield code="n">0007329586</subfield>
      <subfield code="s">active</subfield>
    </datafield>
    <datafield tag="938" ind1=" " ind2=" ">
      <subfield code="a">Baker and Taylor</subfield>
      <subfield code="b">BTCP</subfield>
      <subfield code="n">BK0007329586</subfield>
    </datafield>
    <datafield tag="938" ind1=" " ind2=" ">
      <subfield code="a">YBP Library Services</subfield>
      <subfield code="b">YANK</subfield>
      <subfield code="n">2621210</subfield>
    </datafield>
    <datafield tag="945" ind1=" " ind2=" ">
      <subfield code="a">PromptCat</subfield>
    </datafield>
    <datafield tag="945" ind1=" " ind2=" ">
      <subfield code="a">MARS</subfield>
    </datafield>
    <datafield tag="945" ind1=" " ind2=" ">
      <subfield code="a">MARS</subfield>
    </datafield>
    <datafield tag="949" ind1=" " ind2=" ">
      <subfield code="b">39087029151281</subfield>
    </datafield>
    <datafield tag="957" ind1="4" ind2="1">
      <subfield code="3">Table of contents only</subfield>
      <subfield code="u">http://www.loc.gov/catdir/toc/ecip0719/2007021424.html</subfield>
    </datafield>
    <datafield tag="960" ind1="4" ind2="1">
      <subfield code="3">Sample text</subfield>
      <subfield code="u">http://www.loc.gov/catdir/enhancements/fy0743/2007021424-s.html</subfield>
    </datafield>
    <datafield tag="980" ind1=" " ind2=" ">
      <subfield code="a">2007-12-28</subfield>
      <subfield code="b">35</subfield>
      <subfield code="e">29.4</subfield>
      <subfield code="f">301145</subfield>
      <subfield code="g">1</subfield>
    </datafield>
    <datafield tag="994" ind1=" " ind2=" ">
      <subfield code="a">92</subfield>
      <subfield code="b">RRR</subfield>
    </datafield>
  </record>