
  <record>
    <leader>02388cjm a2200625 a 4500</leader>
    <controlfield tag="001">1162756</controlfield>
    <controlfield tag="005">20070323162454.0</controlfield>
    <controlfield tag="007">sd fzngnn   eu</controlfield>
    <controlfield tag="008">880426p19881987nyuopn   dfhiz      eng d</controlfield>
    <datafield tag="019" ind1=" " ind2=" ">
      <subfield code="a">19077572</subfield>
      <subfield code="a">20166802</subfield>
      <subfield code="a">20239113</subfield>
      <subfield code="a">21101033</subfield>
      <subfield code="a">21200195</subfield>
    </datafield>
    <datafield tag="024" ind1="1" ind2=" ">
      <subfield code="a">7559791772</subfield>
    </datafield>
    <datafield tag="028" ind1="0" ind2="0">
      <subfield code="a">9 79177-2</subfield>
      <subfield code="b">Elektra/Nonesuch</subfield>
    </datafield>
    <datafield tag="028" ind1="0" ind2="0">
      <subfield code="a">79177-2</subfield>
      <subfield code="b">Elektra/Nonesuch</subfield>
    </datafield>
    <datafield tag="033" ind1="0" ind2=" ">
      <subfield code="a">198712--</subfield>
      <subfield code="b">3804</subfield>
      <subfield code="c">N4</subfield>
    </datafield>
    <datafield tag="035" ind1=" " ind2=" ">
      <subfield code="b">ocm</subfield>
      <subfield code="a">17849781</subfield>
    </datafield>
    <datafield tag="035" ind1=" " ind2=" ">
      <subfield code="9">01111811</subfield>
    </datafield>
    <datafield tag="040" ind1=" " ind2=" ">
      <subfield code="a">SNN</subfield>
      <subfield code="c">SNN</subfield>
      <subfield code="d">ENG</subfield>
      <subfield code="d">OCL</subfield>
      <subfield code="d">RES</subfield>
    </datafield>
    <datafield tag="045" ind1="2" ind2=" ">
      <subfield code="b">d1985</subfield>
      <subfield code="b">d1987</subfield>
    </datafield>
    <datafield tag="049" ind1=" " ind2=" ">
      <subfield code="a">RESP</subfield>
    </datafield>
    <datafield tag="099" ind1=" " ind2=" ">
      <subfield code="a">CD</subfield>
      <subfield code="a">2960</subfield>
    </datafield>
    <datafield tag="099" ind1=" " ind2=" ">
      <subfield code="a">CD 2960</subfield>
    </datafield>
    <datafield tag="100" ind1="1" ind2=" ">
      <subfield code="a">Adams, John,</subfield>
      <subfield code="d">1947-</subfield>
    </datafield>
    <datafield tag="240" ind1="1" ind2="0">
      <subfield code="a">Nixon in China</subfield>
    </datafield>
    <datafield tag="245" ind1="1" ind2="0">
      <subfield code="a">Nixon in China</subfield>
      <subfield code="h">[sound recording] /</subfield>
      <subfield code="c">John Adams ; libretto by Alice Goodman.</subfield>
    </datafield>
    <datafield tag="260" ind1=" " ind2=" ">
      <subfield code="a">New York, N.Y. :</subfield>
      <subfield code="b">Elektra/Nonesuch,</subfield>
      <subfield code="c">p1988.</subfield>
    </datafield>
    <datafield tag="300" ind1=" " ind2=" ">
      <subfield code="a">3 sound discs (145 min.) :</subfield>
      <subfield code="b">digital ;</subfield>
      <subfield code="c">4 3/4 in.</subfield>
    </datafield>
    <datafield tag="306" ind1=" " ind2=" ">
      <subfield code="a">022445</subfield>
    </datafield>
    <datafield tag="500" ind1=" " ind2=" ">
      <subfield code="a">Elektra/Nonesuch: 79177-2 (on container: 9 79177-2)</subfield>
    </datafield>
    <datafield tag="500" ind1=" " ind2=" ">
      <subfield code="a">Opera in 3 acts.</subfield>
    </datafield>
    <datafield tag="500" ind1=" " ind2=" ">
      <subfield code="a">Compact discs.</subfield>
    </datafield>
    <datafield tag="500" ind1=" " ind2=" ">
      <subfield code="a">Notes by Alice Goodman and Michael Steinberg, synopsis, biographical notes on the historical characters and the performers, and libretto (64 p. : ill.) inserted in slip case.</subfield>
    </datafield>
    <datafield tag="500" ind1=" " ind2=" ">
      <subfield code="a">Also issued as cassettes and analog discs.</subfield>
    </datafield>
    <datafield tag="500" ind1=" " ind2=" ">
      <subfield code="a">Ed. recorded: Red Dawn Music.</subfield>
    </datafield>
    <datafield tag="511" ind1="0" ind2=" ">
      <subfield code="a">Mari Opatz ; Stephanie Friedman ; Marion Dry ; Carolann Page ; Trudy Ellen Craney ; Sanford Sylvan ; James Maddalena ; Thomas Hammons ; John Duykers ; chorus ; Orchestra of St. Luke's ; Edo de Waart, conductor.</subfield>
    </datafield>
    <datafield tag="518" ind1=" " ind2=" ">
      <subfield code="a">Recorded Dec. 1987 in RCA Studio A, New York City.</subfield>
    </datafield>
    <datafield tag="546" ind1=" " ind2=" ">
      <subfield code="a">Sung in English.</subfield>
    </datafield>
    <datafield tag="600" ind1="1" ind2="0">
      <subfield code="a">Nixon, Richard M.</subfield>
      <subfield code="q">(Richard Milhous),</subfield>
      <subfield code="d">1913-1994</subfield>
      <subfield code="x">Drama.</subfield>
    </datafield>
    <datafield tag="600" ind1="1" ind2="0">
      <subfield code="a">Mao, Tse-tung,</subfield>
      <subfield code="d">1893-1976</subfield>
      <subfield code="x">Drama.</subfield>
    </datafield>
    <datafield tag="650" ind1=" " ind2="0">
      <subfield code="a">Operas.</subfield>
    </datafield>
    <datafield tag="655" ind1=" " ind2="7">
      <subfield code="a">Operas/Musicals.</subfield>
      <subfield code="2">local</subfield>
      <subfield code="5">NRU</subfield>
    </datafield>
    <datafield tag="700" ind1="1" ind2=" ">
      <subfield code="a">Goodman, Alice.</subfield>
      <subfield code="4">lbt.</subfield>
    </datafield>
    <datafield tag="700" ind1="1" ind2=" ">
      <subfield code="a">Opatz, Mari.</subfield>
      <subfield code="4">prf.</subfield>
    </datafield>
    <datafield tag="700" ind1="1" ind2=" ">
      <subfield code="a">Friedman, Stephanie.</subfield>
      <subfield code="4">prf.</subfield>
    </datafield>
    <datafield tag="700" ind1="1" ind2=" ">
      <subfield code="a">Dry, Marion.</subfield>
      <subfield code="4">prf.</subfield>
    </datafield>
    <datafield tag="700" ind1="1" ind2=" ">
      <subfield code="a">Page, Carolann.</subfield>
      <subfield code="4">prf.</subfield>
    </datafield>
    <datafield tag="700" ind1="1" ind2=" ">
      <subfield code="a">Craney, Trudy Ellen.</subfield>
      <subfield code="4">prf.</subfield>
    </datafield>
    <datafield tag="700" ind1="1" ind2=" ">
      <subfield code="a">Sylvan, Sanford.</subfield>
      <subfield code="4">prf.</subfield>
    </datafield>
    <datafield tag="700" ind1="1" ind2=" ">
      <subfield code="a">Maddalena, James.</subfield>
      <subfield code="4">prf.</subfield>
    </datafield>
    <datafield tag="700" ind1="1" ind2=" ">
      <subfield code="a">Hammons, Thomas.</subfield>
      <subfield code="4">prf.</subfield>
    </datafield>
    <datafield tag="700" ind1="1" ind2=" ">
      <subfield code="a">Duykers, John.</subfield>
      <subfield code="4">prf.</subfield>
    </datafield>
    <datafield tag="700" ind1="1" ind2=" ">
      <subfield code="a">Waart, Edo de.</subfield>
      <subfield code="4">cnd.</subfield>
    </datafield>
    <datafield tag="710" ind1="2" ind2=" ">
      <subfield code="a">Orchestra of St. Luke's.</subfield>
      <subfield code="4">prf.</subfield>
    </datafield>
    <datafield tag="910" ind1=" " ind2=" ">
      <subfield code="a">950805</subfield>
    </datafield>
    <datafield tag="911" ind1=" " ind2=" ">
      <subfield code="a">p</subfield>
    </datafield>
    <datafield tag="966" ind1=" " ind2=" ">
      <subfield code="l">/Recrd</subfield>
      <subfield code="m">SRECRD</subfield>
      <subfield code="s">CD 2960</subfield>
      <subfield code="c">1</subfield>
      <subfield code="b">39087013501319</subfield>
    </datafield>
  </record>