
  <record>
    <leader>01807cjm a22004450  4500</leader>
    <controlfield tag="001">883841</controlfield>
    <controlfield tag="005">20070323162450.0</controlfield>
    <controlfield tag="007">ss lknjlc   c</controlfield>
    <controlfield tag="008">880525s1988    nyuopn   d          eng d</controlfield>
    <datafield tag="028" ind1="0" ind2="0">
      <subfield code="a">79177-4</subfield>
      <subfield code="b">Elektra/Nonesuch</subfield>
    </datafield>
    <datafield tag="028" ind1="0" ind2="0">
      <subfield code="a">9 79177-4</subfield>
      <subfield code="b">Elektra/Nonesuch</subfield>
    </datafield>
    <datafield tag="035" ind1=" " ind2=" ">
      <subfield code="b">ocm</subfield>
      <subfield code="a">17999521</subfield>
    </datafield>
    <datafield tag="035" ind1=" " ind2=" ">
      <subfield code="9">00825467</subfield>
    </datafield>
    <datafield tag="040" ind1=" " ind2=" ">
      <subfield code="a">UUP</subfield>
      <subfield code="c">UUP</subfield>
      <subfield code="d">RES</subfield>
    </datafield>
    <datafield tag="049" ind1=" " ind2=" ">
      <subfield code="a">RESP</subfield>
    </datafield>
    <datafield tag="099" ind1=" " ind2=" ">
      <subfield code="a">Media 63</subfield>
    </datafield>
    <datafield tag="100" ind1="1" ind2=" ">
      <subfield code="a">Adams, John,</subfield>
      <subfield code="d">1947-</subfield>
    </datafield>
    <datafield tag="240" ind1="1" ind2="0">
      <subfield code="a">Nixon in China</subfield>
    </datafield>
    <datafield tag="245" ind1="1" ind2="0">
      <subfield code="a">Nixon in China</subfield>
      <subfield code="h">[sound recording] /</subfield>
      <subfield code="c">John Adams ; libretto by Alice Goodman.</subfield>
    </datafield>
    <datafield tag="260" ind1=" " ind2=" ">
      <subfield code="a">New York, N.Y. :</subfield>
      <subfield code="b">Elektra/ Nonesuch,</subfield>
      <subfield code="c">p1988.</subfield>
    </datafield>
    <datafield tag="300" ind1=" " ind2=" ">
      <subfield code="a">2 sound cassettes (145 min.) :</subfield>
      <subfield code="b">analog, Dolby processed +</subfield>
      <subfield code="e">libretto (64 p. : ill., ports. (some col.) ; 13 x 14 cm.)</subfield>
    </datafield>
    <datafield tag="306" ind1=" " ind2=" ">
      <subfield code="a">022500</subfield>
    </datafield>
    <datafield tag="500" ind1=" " ind2=" ">
      <subfield code="a">Digital recording.</subfield>
    </datafield>
    <datafield tag="500" ind1=" " ind2=" ">
      <subfield code="a">Elektra/Nonesuch: 79177-4 (on container: 9 79177-4).</subfield>
    </datafield>
    <datafield tag="511" ind1="0" ind2=" ">
      <subfield code="a">Trudy Ellen Craney, soprano; Carolann Page, soprano; Marian Dry, mezzosoprano; Stephanie Friedman, mezzosoprano; Mari Opatz, mezzosoprano; John Duykers, tenor; Thomas Hammons, baritone; James Maddalena, baritone; Sanford Sylvan, baritone; with chorus; Orchestra of St. Luke's; Edo de Waart, conductor.</subfield>
    </datafield>
    <datafield tag="518" ind1=" " ind2=" ">
      <subfield code="a">Recorded December 1987 at RCA Studio A, New York City.</subfield>
    </datafield>
    <datafield tag="600" ind1="1" ind2="0">
      <subfield code="a">Nixon, Richard M.</subfield>
      <subfield code="q">(Richard Milhous),</subfield>
      <subfield code="d">1913-1994</subfield>
      <subfield code="x">Drama.</subfield>
    </datafield>
    <datafield tag="600" ind1="1" ind2="0">
      <subfield code="a">Mao, Tse-tung,</subfield>
      <subfield code="d">1893-1976</subfield>
      <subfield code="x">Drama.</subfield>
    </datafield>
    <datafield tag="650" ind1=" " ind2="0">
      <subfield code="a">Operas.</subfield>
    </datafield>
    <datafield tag="700" ind1="1" ind2=" ">
      <subfield code="a">Goodman, Alice.</subfield>
      <subfield code="4">lbt.</subfield>
    </datafield>
    <datafield tag="700" ind1="1" ind2=" ">
      <subfield code="a">Craney, Trudy Ellen.</subfield>
      <subfield code="4">prf.</subfield>
    </datafield>
    <datafield tag="700" ind1="1" ind2=" ">
      <subfield code="a">Page, Carolann.</subfield>
      <subfield code="4">prf.</subfield>
    </datafield>
    <datafield tag="700" ind1="1" ind2=" ">
      <subfield code="a">Duykers, John.</subfield>
      <subfield code="4">prf.</subfield>
    </datafield>
    <datafield tag="700" ind1="1" ind2=" ">
      <subfield code="a">Waart, Edo de.</subfield>
      <subfield code="4">cnd.</subfield>
    </datafield>
    <datafield tag="700" ind1="1" ind2=" ">
      <subfield code="a">Maddalena, James.</subfield>
      <subfield code="4">prf.</subfield>
    </datafield>
    <datafield tag="700" ind1="1" ind2=" ">
      <subfield code="a">Sylvan, Sanford.</subfield>
      <subfield code="4">prf.</subfield>
    </datafield>
    <datafield tag="710" ind1="2" ind2=" ">
      <subfield code="a">Orchestra of St. Luke's.</subfield>
      <subfield code="4">prf.</subfield>
    </datafield>
    <datafield tag="910" ind1=" " ind2=" ">
      <subfield code="a">950805</subfield>
    </datafield>
    <datafield tag="911" ind1=" " ind2=" ">
      <subfield code="a">p</subfield>
    </datafield>
    <datafield tag="966" ind1=" " ind2=" ">
      <subfield code="l">/Media</subfield>
      <subfield code="m">SMEDIA</subfield>
      <subfield code="s">Media 63</subfield>
      <subfield code="c">1</subfield>
      <subfield code="b">39087009876949</subfield>
    </datafield>
  </record>