
  <record>
    <leader>01714cgm a2200445Ia 4500</leader>
    <controlfield tag="001">4172738</controlfield>
    <controlfield tag="005">20090714170752.0</controlfield>
    <controlfield tag="007">vf bbaho|</controlfield>
    <controlfield tag="008">870120p19861925nyu079            vleng d</controlfield>
    <datafield tag="024" ind1="1" ind2=" ">
      <subfield code="a">01871305131</subfield>
    </datafield>
    <datafield tag="028" ind1="4" ind2="0">
      <subfield code="a">VGT-5131</subfield>
    </datafield>
    <datafield tag="035" ind1=" " ind2=" ">
      <subfield code="a">(OCoLC)ocm15088962</subfield>
    </datafield>
    <datafield tag="035" ind1=" " ind2=" ">
      <subfield code="a">(OCoLC)15088962</subfield>
    </datafield>
    <datafield tag="040" ind1=" " ind2=" ">
      <subfield code="a">VFC</subfield>
      <subfield code="c">VFC</subfield>
      <subfield code="d">NRM</subfield>
      <subfield code="d">OCL</subfield>
      <subfield code="d">KZV</subfield>
      <subfield code="d">OCLCG</subfield>
    </datafield>
    <datafield tag="049" ind1=" " ind2=" ">
      <subfield code="a">RRRR</subfield>
    </datafield>
    <datafield tag="082" ind1="0" ind2="4">
      <subfield code="a">791.4372</subfield>
      <subfield code="b">PHA</subfield>
    </datafield>
    <datafield tag="090" ind1=" " ind2=" ">
      <subfield code="a">PN1995.9.D7</subfield>
      <subfield code="b">P436 1986</subfield>
    </datafield>
    <datafield tag="245" ind1="0" ind2="4">
      <subfield code="a">The Phantom of the opera</subfield>
      <subfield code="h">[videorecording] /</subfield>
      <subfield code="c">Universal Pictures Corp. ; presented by Carl Laemmle ; directed by Rupert Julian.</subfield>
    </datafield>
    <datafield tag="260" ind1=" " ind2=" ">
      <subfield code="a">New York, NY :</subfield>
      <subfield code="b">Goodtimes Home Video Corp.,</subfield>
      <subfield code="c">c1986.</subfield>
    </datafield>
    <datafield tag="300" ind1=" " ind2=" ">
      <subfield code="a">1 videocassette (79 min.) :</subfield>
      <subfield code="b">si., b&amp;w ;</subfield>
      <subfield code="c">1/2 in.</subfield>
    </datafield>
    <datafield tag="490" ind1="1" ind2=" ">
      <subfield code="a">Goodtimes Movies Classics</subfield>
    </datafield>
    <datafield tag="500" ind1=" " ind2=" ">
      <subfield code="a">Released as a motion picture in 1925 by Universal Pictures.</subfield>
    </datafield>
    <datafield tag="500" ind1=" " ind2=" ">
      <subfield code="a">Based on the novel by Gaston Leroux.</subfield>
    </datafield>
    <datafield tag="508" ind1=" " ind2=" ">
      <subfield code="a">Director, Rupert Julian.</subfield>
    </datafield>
    <datafield tag="511" ind1="1" ind2=" ">
      <subfield code="a">Lon Chaney, Mary Philbin and Norman Kerry.</subfield>
    </datafield>
    <datafield tag="520" ind1=" " ind2=" ">
      <subfield code="a">A melodrama about a hideous-looking man who lives in the catacombs below the Paris Opera House and his unrequited love affair with an opera starlet whom he tutors.</subfield>
    </datafield>
    <datafield tag="538" ind1=" " ind2=" ">
      <subfield code="a">VHS.</subfield>
    </datafield>
    <datafield tag="546" ind1=" " ind2=" ">
      <subfield code="a">Silent with intertitle cards.</subfield>
    </datafield>
    <datafield tag="590" ind1=" " ind2=" ">
      <subfield code="a">MMC Special FMS Collection copy: Gift of Frank Phillips, UR '42.</subfield>
    </datafield>
    <datafield tag="655" ind1=" " ind2="7">
      <subfield code="a">Drama.</subfield>
      <subfield code="2">local</subfield>
      <subfield code="5">NRU</subfield>
    </datafield>
    <datafield tag="655" ind1=" " ind2="7">
      <subfield code="a">Horror.</subfield>
      <subfield code="2">migfg</subfield>
    </datafield>
    <datafield tag="700" ind1="1" ind2=" ">
      <subfield code="a">Chaney, Lon,</subfield>
      <subfield code="d">1883-1930.</subfield>
      <subfield code="4">act</subfield>
    </datafield>
    <datafield tag="700" ind1="1" ind2=" ">
      <subfield code="a">Philbin, Mary.</subfield>
      <subfield code="4">act</subfield>
    </datafield>
    <datafield tag="700" ind1="1" ind2=" ">
      <subfield code="a">Kerry, Norman,</subfield>
      <subfield code="d">1889-1956.</subfield>
      <subfield code="4">act</subfield>
    </datafield>
    <datafield tag="700" ind1="1" ind2=" ">
      <subfield code="a">Rupert, Julian.</subfield>
      <subfield code="4">drt</subfield>
    </datafield>
    <datafield tag="700" ind1="1" ind2=" ">
      <subfield code="a">Leroux, Gaston,</subfield>
      <subfield code="d">1868-1927.</subfield>
      <subfield code="t">Fantôme de l'Opéra.</subfield>
    </datafield>
    <datafield tag="710" ind1="2" ind2=" ">
      <subfield code="a">Universal Studios Corp.</subfield>
    </datafield>
    <datafield tag="710" ind1="2" ind2=" ">
      <subfield code="a">GoodTimes Home Video (Firm)</subfield>
    </datafield>
    <datafield tag="945" ind1=" " ind2=" ">
      <subfield code="a">MARS</subfield>
    </datafield>
    <datafield tag="994" ind1=" " ind2=" ">
      <subfield code="a">C0</subfield>
      <subfield code="b">RRR</subfield>
    </datafield>
  </record>