
  <record>
    <leader>03915cgm a2200661Ia 4500</leader>
    <controlfield tag="001">3075165</controlfield>
    <controlfield tag="005">20100128205013.0</controlfield>
    <controlfield tag="007">vd cvaizq</controlfield>
    <controlfield tag="008">051221p20062005cau157 g          vleng d</controlfield>
    <datafield tag="020" ind1=" " ind2=" ">
      <subfield code="a">1419827561</subfield>
    </datafield>
    <datafield tag="024" ind1="1" ind2=" ">
      <subfield code="a">01256976453</subfield>
    </datafield>
    <datafield tag="028" ind1="4" ind2="0">
      <subfield code="a">76453</subfield>
    </datafield>
    <datafield tag="035" ind1=" " ind2=" ">
      <subfield code="a">(OCoLC)ocm62724153</subfield>
    </datafield>
    <datafield tag="035" ind1=" " ind2=" ">
      <subfield code="a">3075165</subfield>
    </datafield>
    <datafield tag="037" ind1=" " ind2=" ">
      <subfield code="b">Midwest Tapes</subfield>
      <subfield code="n">http://www.midwesttapes.com</subfield>
    </datafield>
    <datafield tag="040" ind1=" " ind2=" ">
      <subfield code="a">TEFMT</subfield>
      <subfield code="c">TEFMT</subfield>
      <subfield code="d">TEF</subfield>
      <subfield code="d">IUK</subfield>
      <subfield code="d">MNL</subfield>
    </datafield>
    <datafield tag="041" ind1="1" ind2=" ">
      <subfield code="a">eng</subfield>
      <subfield code="a">spa</subfield>
      <subfield code="b">eng</subfield>
      <subfield code="b">fre</subfield>
      <subfield code="b">spa</subfield>
      <subfield code="h">eng</subfield>
    </datafield>
    <datafield tag="049" ind1=" " ind2=" ">
      <subfield code="a">RRRR</subfield>
    </datafield>
    <datafield tag="050" ind1="1" ind2="4">
      <subfield code="a">PN1995.9.A3</subfield>
      <subfield code="b">H3779 2006</subfield>
    </datafield>
    <datafield tag="082" ind1="0" ind2="4">
      <subfield code="a">791.43/72</subfield>
      <subfield code="2">22</subfield>
    </datafield>
    <datafield tag="090" ind1=" " ind2=" ">
      <subfield code="a">PN1995.9.F36</subfield>
      <subfield code="b">H37 2006</subfield>
    </datafield>
    <datafield tag="245" ind1="0" ind2="0">
      <subfield code="a">Harry Potter and the goblet of fire</subfield>
      <subfield code="h">[videorecording] /</subfield>
      <subfield code="c">Warner Bros. Pictures presents a Heyday Films production ; a Mike Newell film ; producer, David Heyman ; screenplay, Steve Kloves ; directed by Mike Newell.</subfield>
    </datafield>
    <datafield tag="250" ind1=" " ind2=" ">
      <subfield code="a">Widescreen ed.</subfield>
    </datafield>
    <datafield tag="260" ind1=" " ind2=" ">
      <subfield code="a">Burbank, CA :</subfield>
      <subfield code="b">Warner Home Video,</subfield>
      <subfield code="c">2006.</subfield>
    </datafield>
    <datafield tag="300" ind1=" " ind2=" ">
      <subfield code="a">1 videodisc (157 min.) :</subfield>
      <subfield code="b">sd., col. ;</subfield>
      <subfield code="c">4 3/4 in.</subfield>
    </datafield>
    <datafield tag="500" ind1=" " ind2=" ">
      <subfield code="a">Based on the novel by J.K. Rowling.</subfield>
    </datafield>
    <datafield tag="500" ind1=" " ind2=" ">
      <subfield code="a">Originally released as a motion picture in 2005.</subfield>
    </datafield>
    <datafield tag="500" ind1=" " ind2=" ">
      <subfield code="a">Special features: additional scenes; conversations with the cast; preparing for the yule ball; reflections on the fourth film; triwizard tournament: dragon arena; triwizard tournament: lake; triwizard tournament: maze; insert this disc into your PC's DVD-ROM drive.</subfield>
    </datafield>
    <datafield tag="508" ind1=" " ind2=" ">
      <subfield code="a">Director of photography, Roger Pratt ; art directors, Mark Bartholomew ... [et al.] ; editor, Mick Audsley ; music, Patrick Doyle ; costume designer, Jany Temime ; production designer, Stuart Craig ; visual effects supervisors, Tim Burke, Charley Henley, Jim Mitchell, Stuart Pitcher ; special effects supervisor, Dominic Tuohy.</subfield>
    </datafield>
    <datafield tag="511" ind1="1" ind2=" ">
      <subfield code="a">Daniel Radcliffe, Emma Watson, Rupert Grint, Maggie Smith, Gary Olman, Miranda Richardson, Ralph Fiennes, Alan Rickman, Jason Isaacs.</subfield>
    </datafield>
    <datafield tag="520" ind1=" " ind2=" ">
      <subfield code="a">Harry's fourth year at Hogwarts is marked by the Quidditch World Cup and the Triwizard Tournament, in which student representatives from three different wizarding schools compete in a series of increasingly challenging contests. However, Voldemort's Death Eaters are gaining strength and create the Dark Mark - giving evidence that the Dark Lord is ready to rise again. In the unsuspecting lives of the students at Hogwarts, the competitors are selected by the goblet of fire, which this year makes a very surprising announcement: Hogwarts will have two representatives in the tournament, including Harry. Now Harry has to rise to the challenge for the Tri Wizard Tournament while keeping up with school.</subfield>
    </datafield>
    <datafield tag="521" ind1="8" ind2=" ">
      <subfield code="a">MPAA rating: PG-13; for sequences of fantasy violence and frightening images.</subfield>
    </datafield>
    <datafield tag="538" ind1=" " ind2=" ">
      <subfield code="a">DVD; region 1 encoding; widescreen presentation; dual-layer format.</subfield>
    </datafield>
    <datafield tag="546" ind1=" " ind2=" ">
      <subfield code="a">Closed captioned ; dialogue in English (5.1 Dolby Surround) or Spanish (5.1 Dolby Surround) with optional subtitles in English, French or Spanish.</subfield>
    </datafield>
    <datafield tag="650" ind1=" " ind2="0">
      <subfield code="a">Potter, Harry (Fictitious character)</subfield>
    </datafield>
    <datafield tag="650" ind1=" " ind2="0">
      <subfield code="a">Hogwarts School of Witchcraft and Wizardry (Imaginary organization)</subfield>
    </datafield>
    <datafield tag="655" ind1=" " ind2="0">
      <subfield code="a">Video recordings for the hearing impaired.</subfield>
    </datafield>
    <datafield tag="655" ind1=" " ind2="7">
      <subfield code="a">Fantasy.</subfield>
      <subfield code="2">migfg</subfield>
    </datafield>
    <datafield tag="655" ind1=" " ind2="7">
      <subfield code="a">Adventure.</subfield>
      <subfield code="2">migfg</subfield>
    </datafield>
    <datafield tag="700" ind1="1" ind2=" ">
      <subfield code="a">Heyman, David.</subfield>
      <subfield code="4">pro</subfield>
    </datafield>
    <datafield tag="700" ind1="1" ind2=" ">
      <subfield code="a">Kloves, Steven.</subfield>
      <subfield code="4">aus</subfield>
    </datafield>
    <datafield tag="700" ind1="1" ind2=" ">
      <subfield code="a">Newell, Mike,</subfield>
      <subfield code="d">1942-</subfield>
      <subfield code="4">drt</subfield>
    </datafield>
    <datafield tag="700" ind1="1" ind2=" ">
      <subfield code="a">Radcliffe, Daniel,</subfield>
      <subfield code="d">1989-</subfield>
      <subfield code="4">act</subfield>
    </datafield>
    <datafield tag="700" ind1="1" ind2=" ">
      <subfield code="a">Watson, Emma,</subfield>
      <subfield code="d">1990-</subfield>
      <subfield code="4">act</subfield>
    </datafield>
    <datafield tag="700" ind1="1" ind2=" ">
      <subfield code="a">Grint, Rupert,</subfield>
      <subfield code="d">1988-</subfield>
      <subfield code="4">act</subfield>
    </datafield>
    <datafield tag="700" ind1="1" ind2=" ">
      <subfield code="a">Smith, Maggie,</subfield>
      <subfield code="d">1934-</subfield>
      <subfield code="4">act</subfield>
    </datafield>
    <datafield tag="700" ind1="1" ind2=" ">
      <subfield code="a">Oldman, Gary.</subfield>
      <subfield code="4">act</subfield>
    </datafield>
    <datafield tag="700" ind1="1" ind2=" ">
      <subfield code="a">Richardson, Miranda.</subfield>
      <subfield code="4">act</subfield>
    </datafield>
    <datafield tag="700" ind1="1" ind2=" ">
      <subfield code="a">Fiennes, Ralph.</subfield>
      <subfield code="4">act</subfield>
    </datafield>
    <datafield tag="700" ind1="1" ind2=" ">
      <subfield code="a">Rickman, Alan.</subfield>
      <subfield code="4">act</subfield>
    </datafield>
    <datafield tag="700" ind1="1" ind2=" ">
      <subfield code="a">Isaacs, Jason.</subfield>
      <subfield code="4">act</subfield>
    </datafield>
    <datafield tag="700" ind1="1" ind2=" ">
      <subfield code="a">Pratt, Roger.</subfield>
    </datafield>
    <datafield tag="700" ind1="1" ind2=" ">
      <subfield code="a">Doyle, Patrick,</subfield>
      <subfield code="d">1953-</subfield>
    </datafield>
    <datafield tag="700" ind1="1" ind2=" ">
      <subfield code="a">Rowling, J. K.</subfield>
      <subfield code="t">Harry Potter and the goblet of fire.</subfield>
    </datafield>
    <datafield tag="710" ind1="2" ind2=" ">
      <subfield code="a">Warner Bros. Pictures (1923-1967)</subfield>
    </datafield>
    <datafield tag="710" ind1="2" ind2=" ">
      <subfield code="a">Warner Home Video (Firm)</subfield>
    </datafield>
    <datafield tag="945" ind1=" " ind2=" ">
      <subfield code="a">MARS</subfield>
    </datafield>
    <datafield tag="994" ind1=" " ind2=" ">
      <subfield code="a">C0</subfield>
      <subfield code="b">RRR</subfield>
    </datafield>
  </record>