
  <record>
    <leader>02216cjm a2200529Ia 4500</leader>
    <controlfield tag="001">2039998</controlfield>
    <controlfield tag="005">20060428201055.0</controlfield>
    <controlfield tag="007">sd fzngnnmmnee</controlfield>
    <controlfield tag="008">950711p19931962nyumun   hi             d</controlfield>
    <datafield tag="028" ind1="0" ind2="1">
      <subfield code="a">SMK 47625</subfield>
      <subfield code="b">Sony Classical</subfield>
    </datafield>
    <datafield tag="033" ind1="1" ind2=" ">
      <subfield code="a">19681024</subfield>
      <subfield code="a">19621002</subfield>
      <subfield code="a">19651012</subfield>
      <subfield code="b">3804</subfield>
      <subfield code="c">N4</subfield>
    </datafield>
    <datafield tag="035" ind1=" " ind2=" ">
      <subfield code="a">(OCoLC)ocm33289465</subfield>
    </datafield>
    <datafield tag="035" ind1=" " ind2=" ">
      <subfield code="a">2039998</subfield>
    </datafield>
    <datafield tag="040" ind1=" " ind2=" ">
      <subfield code="a">NYP</subfield>
      <subfield code="c">NYP</subfield>
      <subfield code="d">ORU</subfield>
    </datafield>
    <datafield tag="041" ind1="0" ind2=" ">
      <subfield code="g">enggerfreita</subfield>
      <subfield code="h">ger</subfield>
    </datafield>
    <datafield tag="045" ind1="1" ind2=" ">
      <subfield code="b">d1897</subfield>
      <subfield code="b">d1913</subfield>
      <subfield code="b">d1905</subfield>
    </datafield>
    <datafield tag="047" ind1=" " ind2=" ">
      <subfield code="a">sp</subfield>
      <subfield code="a">vr</subfield>
      <subfield code="a">pr</subfield>
      <subfield code="a">df</subfield>
    </datafield>
    <datafield tag="048" ind1=" " ind2=" ">
      <subfield code="a">oa</subfield>
    </datafield>
    <datafield tag="049" ind1=" " ind2=" ">
      <subfield code="a">RESM</subfield>
    </datafield>
    <datafield tag="100" ind1="1" ind2=" ">
      <subfield code="a">Strauss, Richard,</subfield>
      <subfield code="d">1864-1949.</subfield>
    </datafield>
    <datafield tag="240" ind1="1" ind2="0">
      <subfield code="a">Orchestra music.</subfield>
      <subfield code="k">Selections</subfield>
    </datafield>
    <datafield tag="245" ind1="1" ind2="0">
      <subfield code="a">Don Quixote</subfield>
      <subfield code="h">[sound recording] :</subfield>
      <subfield code="b">op. 35 ; Festliches Praeludium : op. 61 ; Tanz der sieben Schleier : aus Salome /</subfield>
      <subfield code="c">Richard Strauss.</subfield>
    </datafield>
    <datafield tag="260" ind1=" " ind2=" ">
      <subfield code="a">New York, NY :</subfield>
      <subfield code="b">Sony Classical,</subfield>
      <subfield code="c">p1993.</subfield>
    </datafield>
    <datafield tag="300" ind1=" " ind2=" ">
      <subfield code="a">1 sound disc :</subfield>
      <subfield code="b">digital, stereo. ;</subfield>
      <subfield code="c">4 3/4 in.</subfield>
    </datafield>
    <datafield tag="490" ind1="1" ind2=" ">
      <subfield code="a">The royal edition ;</subfield>
      <subfield code="v">no. 83</subfield>
    </datafield>
    <datafield tag="500" ind1=" " ind2=" ">
      <subfield code="a">Compact disc.</subfield>
    </datafield>
    <datafield tag="500" ind1=" " ind2=" ">
      <subfield code="a">Analog recordings.</subfield>
    </datafield>
    <datafield tag="500" ind1=" " ind2=" ">
      <subfield code="a">Program notes by Matthias Henke in German with English, French and Italian translations ([21] p. : ill., ports.) inserted in container.</subfield>
    </datafield>
    <datafield tag="511" ind1="0" ind2=" ">
      <subfield code="a">Lorne Munroe, violoncello, William Lincer, viola (1st work) ; E. Power Biggs, organ (2nd work) ; New York Philharmonic ; Leonard Bernstein, conductor.</subfield>
    </datafield>
    <datafield tag="518" ind1=" " ind2=" ">
      <subfield code="a">Recorded at Avery Fisher Hall, NYC, Oct. 24, 1968 (1st work), and Oct. 2, 1962 (2nd work), and Manhattan Center, NYC, Oct. 12, 1965 (3rd work).</subfield>
    </datafield>
    <datafield tag="650" ind1=" " ind2="0">
      <subfield code="a">Symphonic poems.</subfield>
    </datafield>
    <datafield tag="650" ind1=" " ind2="0">
      <subfield code="a">Variations (Violoncello with orchestra)</subfield>
    </datafield>
    <datafield tag="650" ind1=" " ind2="0">
      <subfield code="a">Don Quixote (Fictitious character)</subfield>
      <subfield code="v">Songs and music.</subfield>
    </datafield>
    <datafield tag="650" ind1=" " ind2="0">
      <subfield code="a">Orchestral music.</subfield>
    </datafield>
    <datafield tag="650" ind1=" " ind2="0">
      <subfield code="a">Organ with orchestra.</subfield>
    </datafield>
    <datafield tag="650" ind1=" " ind2="0">
      <subfield code="a">Operas</subfield>
      <subfield code="v">Excerpts.</subfield>
    </datafield>
    <datafield tag="700" ind1="1" ind2=" ">
      <subfield code="a">Bernstein, Leonard,</subfield>
      <subfield code="d">1918-1990</subfield>
      <subfield code="4">cnd</subfield>
    </datafield>
    <datafield tag="700" ind1="1" ind2=" ">
      <subfield code="a">Munroe, Lorne.</subfield>
      <subfield code="4">prf</subfield>
    </datafield>
    <datafield tag="700" ind1="1" ind2=" ">
      <subfield code="a">Lincer, William.</subfield>
      <subfield code="4">prf</subfield>
    </datafield>
    <datafield tag="700" ind1="1" ind2=" ">
      <subfield code="a">Biggs, E. Power</subfield>
      <subfield code="q">(Edward Power),</subfield>
      <subfield code="d">1906-1977.</subfield>
      <subfield code="4">prf</subfield>
    </datafield>
    <datafield tag="700" ind1="1" ind2="2">
      <subfield code="a">Strauss, Richard,</subfield>
      <subfield code="d">1864-1949.</subfield>
      <subfield code="t">Don Quixote.</subfield>
    </datafield>
    <datafield tag="700" ind1="1" ind2="2">
      <subfield code="a">Strauss, Richard,</subfield>
      <subfield code="d">1864-1949.</subfield>
      <subfield code="t">Festliches Präludium.</subfield>
    </datafield>
    <datafield tag="700" ind1="1" ind2="2">
      <subfield code="a">Strauss, Richard,</subfield>
      <subfield code="d">1864-1949.</subfield>
      <subfield code="t">Salome.</subfield>
      <subfield code="p">Salomes Tanz.</subfield>
    </datafield>
    <datafield tag="710" ind1="2" ind2=" ">
      <subfield code="a">New York Philharmonic.</subfield>
      <subfield code="4">prf</subfield>
    </datafield>
    <datafield tag="830" ind1=" " ind2="0">
      <subfield code="a">Royal edition ;</subfield>
      <subfield code="v">no. 83.</subfield>
    </datafield>
    <datafield tag="945" ind1=" " ind2=" ">
      <subfield code="a">MARS</subfield>
    </datafield>
    <datafield tag="994" ind1=" " ind2=" ">
      <subfield code="a">E0</subfield>
      <subfield code="b">RES</subfield>
    </datafield>
  </record>