
  <record>
    <leader>01680cgm a2200433Ia 4500</leader>
    <controlfield tag="001">4171281</controlfield>
    <controlfield tag="005">20090714165410.0</controlfield>
    <controlfield tag="007">vf cbaho|</controlfield>
    <controlfield tag="008">911119p19871943cau093            vleng d</controlfield>
    <datafield tag="024" ind1="1" ind2=" ">
      <subfield code="a">04789780399</subfield>
    </datafield>
    <datafield tag="028" ind1="4" ind2="0">
      <subfield code="a">80399</subfield>
      <subfield code="b">MCA Home Video</subfield>
    </datafield>
    <datafield tag="040" ind1=" " ind2=" ">
      <subfield code="a">JQJ</subfield>
      <subfield code="c">JQJ</subfield>
      <subfield code="d">OCLCG</subfield>
    </datafield>
    <datafield tag="049" ind1=" " ind2=" ">
      <subfield code="a">RRRR</subfield>
    </datafield>
    <datafield tag="090" ind1=" " ind2=" ">
      <subfield code="a">PN1995.9.D7</subfield>
      <subfield code="b">P436 1987</subfield>
    </datafield>
    <datafield tag="245" ind1="0" ind2="4">
      <subfield code="a">The Phantom of the opera</subfield>
      <subfield code="h">[videorecording] /</subfield>
      <subfield code="c">Universal Pictures.</subfield>
    </datafield>
    <datafield tag="260" ind1=" " ind2=" ">
      <subfield code="a">Universal City, Calif. :</subfield>
      <subfield code="b">MCA Home Video,</subfield>
      <subfield code="c">1987.</subfield>
    </datafield>
    <datafield tag="300" ind1=" " ind2=" ">
      <subfield code="a">1 videocassette (93 min.) :</subfield>
      <subfield code="b">sd., col. ;</subfield>
      <subfield code="c">1/2 in.</subfield>
    </datafield>
    <datafield tag="500" ind1=" " ind2=" ">
      <subfield code="a">Originally produced as motion picture in 1943.</subfield>
    </datafield>
    <datafield tag="500" ind1=" " ind2=" ">
      <subfield code="a">Based on the book entitled Le fantome de l'opera, by Gaston Leroux.</subfield>
    </datafield>
    <datafield tag="508" ind1=" " ind2=" ">
      <subfield code="a">Director, Arthur Lubin ; producer, George Waggner ; writers, Erich Taylor, Samuel Hoffenstein ; music, Edward Ward.</subfield>
    </datafield>
    <datafield tag="511" ind1="1" ind2=" ">
      <subfield code="a">Nelson Eddy, Susanna Foster, Claude Rains, Leo Carrillo, Hume Cronyn.</subfield>
    </datafield>
    <datafield tag="520" ind1=" " ind2=" ">
      <subfield code="a">A melodrama about a strange man who lives in the catacombs below the Paris Opera House and his love affair with an opera starlet whom he tutors.</subfield>
    </datafield>
    <datafield tag="538" ind1=" " ind2=" ">
      <subfield code="a">VHS ; Hi-fi.</subfield>
    </datafield>
    <datafield tag="655" ind1=" " ind2="7">
      <subfield code="a">Drama.</subfield>
      <subfield code="2">local</subfield>
      <subfield code="5">NRU</subfield>
    </datafield>
    <datafield tag="655" ind1=" " ind2="7">
      <subfield code="a">Horror.</subfield>
      <subfield code="2">migfg</subfield>
    </datafield>
    <datafield tag="700" ind1="1" ind2=" ">
      <subfield code="a">Lubin, Arthur.</subfield>
      <subfield code="4">drt</subfield>
    </datafield>
    <datafield tag="700" ind1="1" ind2=" ">
      <subfield code="a">Waggner, George.</subfield>
      <subfield code="4">pro</subfield>
    </datafield>
    <datafield tag="700" ind1="1" ind2=" ">
      <subfield code="a">Taylor, Erich.</subfield>
      <subfield code="4">aus</subfield>
    </datafield>
    <datafield tag="700" ind1="1" ind2=" ">
      <subfield code="a">Hoffenstein, Samuel.</subfield>
      <subfield code="4">aus</subfield>
    </datafield>
    <datafield tag="700" ind1="1" ind2=" ">
      <subfield code="a">Eddy, Nelson.</subfield>
      <subfield code="4">act</subfield>
    </datafield>
    <datafield tag="700" ind1="1" ind2=" ">
      <subfield code="a">Foster, Susanna.</subfield>
      <subfield code="4">act</subfield>
    </datafield>
    <datafield tag="700" ind1="1" ind2=" ">
      <subfield code="a">Rains, Claude,</subfield>
      <subfield code="d">1889-1967.</subfield>
      <subfield code="4">act</subfield>
    </datafield>
    <datafield tag="700" ind1="1" ind2=" ">
      <subfield code="a">Carrillo, Leo.</subfield>
      <subfield code="4">act</subfield>
    </datafield>
    <datafield tag="700" ind1="1" ind2=" ">
      <subfield code="a">Cronyn, Hume.</subfield>
      <subfield code="4">act</subfield>
    </datafield>
    <datafield tag="700" ind1="1" ind2=" ">
      <subfield code="a">Leroux, Gaston,</subfield>
      <subfield code="d">1868-1927.</subfield>
      <subfield code="t">Fantôme de l'Opéra.</subfield>
    </datafield>
    <datafield tag="710" ind1="2" ind2=" ">
      <subfield code="a">Universal Pictures (Firm)</subfield>
    </datafield>
    <datafield tag="710" ind1="2" ind2=" ">
      <subfield code="a">MCA Home Video (Firm)</subfield>
    </datafield>
    <datafield tag="945" ind1=" " ind2=" ">
      <subfield code="a">MARS</subfield>
    </datafield>
    <datafield tag="994" ind1=" " ind2=" ">
      <subfield code="a">C0</subfield>
      <subfield code="b">RRR</subfield>
    </datafield>
  </record>